<collection xmlns="http://www.loc.gov/MARC21/slim">
<record>
  <leader>00615cz  a2200169n  4500</leader>
  <controlfield tag="001">38805</controlfield>
  <controlfield tag="003">DLC</controlfield>
  <controlfield tag="005">20200101073150.0</controlfield>
  <controlfield tag="008">800225n| azannaabn          |b aaa      </controlfield>
  <datafield tag="010" ind1=" " ind2=" ">
    <subfield code="a">n  80013808 </subfield>
  </datafield>
  <datafield tag="035" ind1=" " ind2=" ">
    <subfield code="a">(OCoLC)oca00396279</subfield>
  </datafield>
  <datafield tag="040" ind1=" " ind2=" ">
    <subfield code="a">DLC</subfield>
    <subfield code="b">eng</subfield>
    <subfield code="e">rda</subfield>
    <subfield code="c">DLC</subfield>
    <subfield code="d">DLC</subfield>
    <subfield code="d">OU</subfield>
  </datafield>
  <datafield tag="100" ind1="1" ind2=" ">
    <subfield code="a">Abel, Wilhelm,</subfield>
    <subfield code="d">1904-1985.</subfield>
    <subfield code="t">Agrarkrisen und Agrarkonjunktur.</subfield>
    <subfield code="l">English</subfield>
  </datafield>
  <datafield tag="377" ind1=" " ind2=" ">
    <subfield code="a">eng</subfield>
  </datafield>
  <datafield tag="400" ind1="1" ind2=" ">
    <subfield code="a">Abel, Wilhelm,</subfield>
    <subfield code="d">1904-1985.</subfield>
    <subfield code="t">Agricultural fluctuations in Europe from the thirteenth to the twentieth centuries</subfield>
  </datafield>
  <datafield tag="670" ind1=" " ind2=" ">
    <subfield code="a">His Agricultural fluctuations in Europe from the thirteenth to the twentieth centuries, c1980.</subfield>
  </datafield>
  <datafield tag="953" ind1=" " ind2=" ">
    <subfield code="a">bc02</subfield>
  </datafield>
</record>