
<record>
  <leader>01410cz  a2200241n  4500</leader>
  <controlfield tag="001">81711</controlfield>
  <controlfield tag="003">DLC</controlfield>
  <controlfield tag="005">20200101073153.0</controlfield>
  <controlfield tag="008">821006n| azannaabn          |a ana      </controlfield>
  <datafield tag="010" ind1=" " ind2=" ">
    <subfield code="a">n  82135878 </subfield>
  </datafield>
  <datafield tag="035" ind1=" " ind2=" ">
    <subfield code="a">(OCoLC)oca00832069</subfield>
  </datafield>
  <datafield tag="040" ind1=" " ind2=" ">
    <subfield code="a">DLC</subfield>
    <subfield code="b">eng</subfield>
    <subfield code="e">rda</subfield>
    <subfield code="c">DLC</subfield>
    <subfield code="d">DLC</subfield>
    <subfield code="d">TxU</subfield>
    <subfield code="d">OCoLC</subfield>
    <subfield code="d">MoSU-L</subfield>
  </datafield>
  <datafield tag="110" ind1="1" ind2=" ">
    <subfield code="a">Costa Rica.</subfield>
    <subfield code="b">Ministerio de Gobernación y Policía</subfield>
  </datafield>
  <datafield tag="368" ind1=" " ind2=" ">
    <subfield code="a">Executive departments</subfield>
    <subfield code="2">lcsh</subfield>
  </datafield>
  <datafield tag="370" ind1=" " ind2=" ">
    <subfield code="c">Costa Rica</subfield>
    <subfield code="2">naf</subfield>
  </datafield>
  <datafield tag="410" ind1="1" ind2=" ">
    <subfield code="a">Costa Rica.</subfield>
    <subfield code="b">Gobernación y Policía, Ministerio de</subfield>
  </datafield>
  <datafield tag="510" ind1="1" ind2=" ">
    <subfield code="a">Costa Rica.</subfield>
    <subfield code="b">Ministerio de Gobernación</subfield>
  </datafield>
  <datafield tag="510" ind1="1" ind2=" ">
    <subfield code="w">r</subfield>
    <subfield code="i">Predecessor:</subfield>
    <subfield code="a">Costa Rica.</subfield>
    <subfield code="b">Ministerio de Gobernación, Policía, Justicia y Gracia</subfield>
  </datafield>
  <datafield tag="510" ind1="1" ind2=" ">
    <subfield code="w">r</subfield>
    <subfield code="i">Successor:</subfield>
    <subfield code="a">Costa Rica.</subfield>
    <subfield code="b">Ministerio de Gobernación y Policía y de Seguridad Pública</subfield>
  </datafield>
  <datafield tag="670" ind1=" " ind2=" ">
    <subfield code="a">Costa Rica. Ley de asociaciones y sus reformas, 1980 (a.e.)</subfield>
    <subfield code="b">t.p. (Ministerio de Gobernación y Policía)</subfield>
  </datafield>
  <datafield tag="670" ind1=" " ind2=" ">
    <subfield code="a">Its Informe de labores, 1978-1979:</subfield>
    <subfield code="b">t.p. (Ministerios de Gobernación y Seguridad Social) p. 21, etc. (Organigrama: Ministerio de Gobernación y Policía; Organigrama: Ministerio de Seguridad Pública)</subfield>
  </datafield>
  <datafield tag="675" ind1=" " ind2=" ">
    <subfield code="a">Costa Rica. Ministerio de Gobernación, Policía, Justicia y Gracia. Reforma penitenciaria, 1961: t.p. (Ministerio de Gobernación, Policía, Justicia y Gracia); Costa Rica. Ministerio de Gobernación y Policía y de Seguridad Pública. Memoria anual, 2000-2001)</subfield>
  </datafield>
  <datafield tag="953" ind1=" " ind2=" ">
    <subfield code="a">bv53</subfield>
    <subfield code="b">db10</subfield>
  </datafield>
</record>