
<record>
  <leader>01991cz  a2200217n  4500</leader>
  <controlfield tag="001">114655</controlfield>
  <controlfield tag="003">DLC</controlfield>
  <controlfield tag="005">20200101073204.0</controlfield>
  <controlfield tag="008">841005n| azannaabn          |n aaa      </controlfield>
  <datafield tag="010" ind1=" " ind2=" ">
    <subfield code="a">n  84094118 </subfield>
    <subfield code="z">n  84052563 </subfield>
  </datafield>
  <datafield tag="035" ind1=" " ind2=" ">
    <subfield code="a">(OCoLC)oca01199795</subfield>
  </datafield>
  <datafield tag="040" ind1=" " ind2=" ">
    <subfield code="a">DLC</subfield>
    <subfield code="b">eng</subfield>
    <subfield code="e">rda</subfield>
    <subfield code="c">DLC</subfield>
    <subfield code="d">DLC</subfield>
    <subfield code="d">OCoLC</subfield>
    <subfield code="d">OU</subfield>
  </datafield>
  <datafield tag="046" ind1=" " ind2=" ">
    <subfield code="f">1901-06-15</subfield>
    <subfield code="g">1992-03-24</subfield>
    <subfield code="2">edtf</subfield>
  </datafield>
  <datafield tag="100" ind1="1" ind2=" ">
    <subfield code="a">Mackensen, Lutz,</subfield>
    <subfield code="d">1901-1992</subfield>
  </datafield>
  <datafield tag="370" ind1=" " ind2=" ">
    <subfield code="a">Bad Harzburg (Germany)</subfield>
    <subfield code="b">Bremen (Germany)</subfield>
    <subfield code="2">naf</subfield>
  </datafield>
  <datafield tag="374" ind1=" " ind2=" ">
    <subfield code="a">Germanists</subfield>
    <subfield code="a">College teachers</subfield>
    <subfield code="2">lcsh</subfield>
  </datafield>
  <datafield tag="375" ind1=" " ind2=" ">
    <subfield code="a">Males</subfield>
    <subfield code="2">lcdgt</subfield>
  </datafield>
  <datafield tag="670" ind1=" " ind2=" ">
    <subfield code="a">His Die Nibelungen, c1984:</subfield>
    <subfield code="b">t.p. (Lutz Mackensen)</subfield>
  </datafield>
  <datafield tag="670" ind1=" " ind2=" ">
    <subfield code="a">LC data base, 10-3-84</subfield>
    <subfield code="b">(hdg.: Mackensen, Lutz, 1901- )</subfield>
  </datafield>
  <datafield tag="670" ind1=" " ind2=" ">
    <subfield code="a">Wikidata via Wikipedia, December 31, 2019</subfield>
    <subfield code="b">(alias: Lutz Mackensen; sex or gender: male; LCAuth identifier: n84094118; VIAF identifier: 109267808; GND identifier: 116644672; place of birth: Bad Harzburg; place of death: Bremen; country of citizenship: Germany; instance of: human; member of political party: Nazi Party; date of birth: +1901-06-15T00:00:00Z; date of death: +1992-03-24T00:00:00Z; given name: Lutz; NTA identifier (Netherlands): 068436149; employer: University of Greifswald, Ghent University; occupation: germanist, university teacher; NLI (Israel) identifier: 000214592; UGentMemorialis ID (P3159): 000004705; SELIBR: 293700; BIBSYS identifier: 90133065; BAV (Vatican Library) identifier: ADV10899370; NUKAT authorities: n96209738; CONOR identifier: 18483811; SHARE Catalogue author ID (P3987): 199042; ISNI (P213): 0000000109328473; languages spoken or published: German; Libris-URI (P5587): gdsw0vb04zc1vmb; student: Eleonore Dörner; SUDOC authorities: 028482328; BnF identifier: 12030942g; NKC identifier: jn20000603852; described by source: Lexikon der deutschsprachigen Literatur des Baltikums und St. Petersburgs; description/label: deutscher Sprachforscher, Duits germanist , German germanist, professor académico alemão, tysk professor)</subfield>
    <subfield code="u">http://www.wikidata.org/entity/Q1407636</subfield>
  </datafield>
  <datafield tag="953" ind1=" " ind2=" ">
    <subfield code="a">ec11</subfield>
    <subfield code="b">ea36</subfield>
  </datafield>
</record>