
<record>
  <leader>01477cz  a2200301n  4500</leader>
  <controlfield tag="001">116550</controlfield>
  <controlfield tag="003">DLC</controlfield>
  <controlfield tag="005">20200101073205.0</controlfield>
  <controlfield tag="008">841105n| azannaabn          |a aaa      </controlfield>
  <datafield tag="010" ind1=" " ind2=" ">
    <subfield code="a">n  84122188 </subfield>
  </datafield>
  <datafield tag="035" ind1=" " ind2=" ">
    <subfield code="a">(Uk)001250336</subfield>
  </datafield>
  <datafield tag="035" ind1=" " ind2=" ">
    <subfield code="a">(OCoLC)oca01213654</subfield>
  </datafield>
  <datafield tag="040" ind1=" " ind2=" ">
    <subfield code="a">DLC</subfield>
    <subfield code="b">eng</subfield>
    <subfield code="e">rda</subfield>
    <subfield code="c">DLC</subfield>
    <subfield code="d">DLC</subfield>
    <subfield code="d">Uk</subfield>
    <subfield code="d">NJQ</subfield>
  </datafield>
  <datafield tag="046" ind1=" " ind2=" ">
    <subfield code="f">1943</subfield>
    <subfield code="2">edtf</subfield>
  </datafield>
  <datafield tag="100" ind1="1" ind2=" ">
    <subfield code="a">Corradi, Juan E.,</subfield>
    <subfield code="d">1943-</subfield>
  </datafield>
  <datafield tag="371" ind1=" " ind2=" ">
    <subfield code="m">juancorradi@gmail.com</subfield>
  </datafield>
  <datafield tag="372" ind1=" " ind2=" ">
    <subfield code="a">College teaching</subfield>
    <subfield code="a">Sociology</subfield>
    <subfield code="2">lcsh</subfield>
  </datafield>
  <datafield tag="373" ind1=" " ind2=" ">
    <subfield code="a">New York University</subfield>
    <subfield code="2">naf</subfield>
  </datafield>
  <datafield tag="373" ind1=" " ind2=" ">
    <subfield code="a">Institute of Advanced Studies (Lucca, Italy)</subfield>
  </datafield>
  <datafield tag="374" ind1=" " ind2=" ">
    <subfield code="a">College teachers</subfield>
    <subfield code="2">lcsh</subfield>
  </datafield>
  <datafield tag="375" ind1=" " ind2=" ">
    <subfield code="a">Males</subfield>
    <subfield code="2">lcsh</subfield>
  </datafield>
  <datafield tag="377" ind1=" " ind2=" ">
    <subfield code="a">eng</subfield>
  </datafield>
  <datafield tag="400" ind1="1" ind2=" ">
    <subfield code="w">nna</subfield>
    <subfield code="a">Corradi, Juan,</subfield>
    <subfield code="d">1943-</subfield>
  </datafield>
  <datafield tag="670" ind1=" " ind2=" ">
    <subfield code="a">His The fitful republic, 1985:</subfield>
    <subfield code="b">CIP t.p. (Juan E. Corradi)</subfield>
  </datafield>
  <datafield tag="670" ind1=" " ind2=" ">
    <subfield code="a">LC data base, 10-31-84</subfield>
    <subfield code="b">(hdg.: Corradi, Juan, 1943- ; usage: Juan Corradi)</subfield>
  </datafield>
  <datafield tag="670" ind1=" " ind2=" ">
    <subfield code="a">Corradi, Juan E. South of the crisis, 2010:</subfield>
    <subfield code="b">ECIP t.p. (Juan E. Corradi) data view (Professor of Sociology at New York University and Visiting Professor at the Institute of Advanced Studies in Lucca, Italy)</subfield>
  </datafield>
  <datafield tag="670" ind1=" " ind2=" ">
    <subfield code="a">Strategic impasse, 2018:</subfield>
    <subfield code="b">ECIP title page (Juan E. Corradi) data view ( Email: juancorradi@gmail.com / Dr. Juan E. Corradi is Emeritus Professor of Sociology at New York University and the author of the recent book, South of the Crisis: Latin American Perspectives on the Late Capitalist World (Anthem Press, 2012). As a native Latin American teaching in the USA, his..)</subfield>
  </datafield>
  <datafield tag="953" ind1=" " ind2=" ">
    <subfield code="a">bd24</subfield>
    <subfield code="b">ta03</subfield>
  </datafield>
</record>