
<record>
  <leader>00649cz  a2200205n  4500</leader>
  <controlfield tag="001">266182</controlfield>
  <controlfield tag="003">DLC</controlfield>
  <controlfield tag="005">20200101073126.0</controlfield>
  <controlfield tag="008">901029n| azannaabn          |a aaa      </controlfield>
  <datafield tag="010" ind1=" " ind2=" ">
    <subfield code="a">n  90709708 </subfield>
  </datafield>
  <datafield tag="035" ind1=" " ind2=" ">
    <subfield code="a">(OCoLC)oca02841102</subfield>
  </datafield>
  <datafield tag="040" ind1=" " ind2=" ">
    <subfield code="a">DLC</subfield>
    <subfield code="b">eng</subfield>
    <subfield code="e">rda</subfield>
    <subfield code="c">DLC</subfield>
    <subfield code="d">DLC</subfield>
    <subfield code="d">WaBeWWUM</subfield>
  </datafield>
  <datafield tag="100" ind1="1" ind2=" ">
    <subfield code="a">Lojeski, Ed</subfield>
  </datafield>
  <datafield tag="378" ind1=" " ind2=" ">
    <subfield code="q">Edward J.</subfield>
  </datafield>
  <datafield tag="400" ind1="1" ind2=" ">
    <subfield code="a">Lojeski, Edward J.</subfield>
  </datafield>
  <datafield tag="670" ind1=" " ind2=" ">
    <subfield code="a">His Shakespeare and the Indians, 1982:</subfield>
    <subfield code="b">(name not given)</subfield>
  </datafield>
  <datafield tag="670" ind1=" " ind2=" ">
    <subfield code="a">COHM PA 181-864</subfield>
    <subfield code="b">(Edward J. Lojeski, Jr.)</subfield>
  </datafield>
  <datafield tag="670" ind1=" " ind2=" ">
    <subfield code="a">Morley, T. Now is the month of maying, c1989:</subfield>
    <subfield code="b">t.p. (Ed Lojeski)</subfield>
  </datafield>
  <datafield tag="670" ind1=" " ind2=" ">
    <subfield code="a">LC data base, 11-10-93</subfield>
    <subfield code="b">(MLC hdg.: Lojeski, Ed)</subfield>
  </datafield>
  <datafield tag="953" ind1=" " ind2=" ">
    <subfield code="a">vk11</subfield>
    <subfield code="b">vk08</subfield>
  </datafield>
</record>