
<record>
  <leader>00512cz  a2200169n  4500</leader>
  <controlfield tag="001">337150</controlfield>
  <controlfield tag="003">DLC</controlfield>
  <controlfield tag="005">20200101073211.0</controlfield>
  <controlfield tag="008">940426n| azannaabn          |n aaa      </controlfield>
  <datafield tag="010" ind1=" " ind2=" ">
    <subfield code="a">n  94040488 </subfield>
  </datafield>
  <datafield tag="035" ind1=" " ind2=" ">
    <subfield code="a">(OCoLC)oca03593248</subfield>
  </datafield>
  <datafield tag="040" ind1=" " ind2=" ">
    <subfield code="a">DLC</subfield>
    <subfield code="b">eng</subfield>
    <subfield code="e">rda</subfield>
    <subfield code="c">DLC</subfield>
    <subfield code="d">DNLM</subfield>
  </datafield>
  <datafield tag="046" ind1=" " ind2=" ">
    <subfield code="f">1940-08-14</subfield>
    <subfield code="2">edtf</subfield>
  </datafield>
  <datafield tag="100" ind1="1" ind2=" ">
    <subfield code="a">Berkenkotter, Carol</subfield>
  </datafield>
  <datafield tag="670" ind1=" " ind2=" ">
    <subfield code="a">Genre knowledge in disciplinary communication, c1994:</subfield>
    <subfield code="b">CIP t.p. (Carol Berkenkotter)</subfield>
  </datafield>
  <datafield tag="670" ind1=" " ind2=" ">
    <subfield code="a">Patient tales, c2008:</subfield>
    <subfield code="b">ECIP data view (b. Aug. 14, 1940)</subfield>
  </datafield>
  <datafield tag="953" ind1=" " ind2=" ">
    <subfield code="a">lg09</subfield>
  </datafield>
</record>