
<record>
  <leader>01066cz  a2200253n  4500</leader>
  <controlfield tag="001">472339</controlfield>
  <controlfield tag="003">DLC</controlfield>
  <controlfield tag="005">20200101073148.0</controlfield>
  <controlfield tag="008">801003n| azannaabn          |n aaa      </controlfield>
  <datafield tag="010" ind1=" " ind2=" ">
    <subfield code="a">n  50037675 </subfield>
  </datafield>
  <datafield tag="035" ind1=" " ind2=" ">
    <subfield code="a">(OCoLC)oca00072914</subfield>
  </datafield>
  <datafield tag="040" ind1=" " ind2=" ">
    <subfield code="a">DLC</subfield>
    <subfield code="b">eng</subfield>
    <subfield code="e">rda</subfield>
    <subfield code="c">DLC</subfield>
    <subfield code="d">DLC</subfield>
    <subfield code="d">ICU</subfield>
  </datafield>
  <datafield tag="046" ind1=" " ind2=" ">
    <subfield code="f">1873-01-23</subfield>
    <subfield code="g">1944-11-02</subfield>
    <subfield code="2">edtf</subfield>
  </datafield>
  <datafield tag="053" ind1=" " ind2="0">
    <subfield code="a">PG7158.I7</subfield>
    <subfield code="b">PG7158.I72</subfield>
  </datafield>
  <datafield tag="100" ind1="1" ind2=" ">
    <subfield code="a">Irzykowski, Karol,</subfield>
    <subfield code="d">1873-1944</subfield>
  </datafield>
  <datafield tag="370" ind1=" " ind2=" ">
    <subfield code="a">Błażkowa (Poland)</subfield>
  </datafield>
  <datafield tag="370" ind1=" " ind2=" ">
    <subfield code="b">Żyrardów (Poland)</subfield>
    <subfield code="2">naf</subfield>
  </datafield>
  <datafield tag="374" ind1=" " ind2=" ">
    <subfield code="a">Critics</subfield>
    <subfield code="a">Film critics</subfield>
    <subfield code="a">Poets</subfield>
    <subfield code="a">Authors</subfield>
    <subfield code="a">Dramatists</subfield>
    <subfield code="a">Translators</subfield>
    <subfield code="a">Litterateurs</subfield>
    <subfield code="2">lcsh</subfield>
  </datafield>
  <datafield tag="375" ind1=" " ind2=" ">
    <subfield code="a">Males</subfield>
    <subfield code="2">lcdgt</subfield>
  </datafield>
  <datafield tag="377" ind1=" " ind2=" ">
    <subfield code="a">pol</subfield>
  </datafield>
  <datafield tag="670" ind1=" " ind2=" ">
    <subfield code="a">Author&apos;s Pałuba, 1957.</subfield>
  </datafield>
  <datafield tag="670" ind1=" " ind2=" ">
    <subfield code="a">Wikipedia, wolna encyklopedia, December 31, 2019:</subfield>
    <subfield code="b">Karol Irzykowski page (Karol Franciszek Irzykowski herbu Ostoja; born 23 January 1873 in Błażkowa; died 2 November 1944 in Żyrardów; Polish literary and film critic, poet, prose writer, dramatist, film theoretician, translator, and chess player)</subfield>
    <subfield code="u">https://pl.wikipedia.org/wiki/Karol_Irzykowski</subfield>
  </datafield>
  <datafield tag="952" ind1=" " ind2=" ">
    <subfield code="a">RETRO</subfield>
  </datafield>
  <datafield tag="953" ind1=" " ind2=" ">
    <subfield code="a">xx00</subfield>
    <subfield code="b">le11</subfield>
  </datafield>
</record>