
<record>
  <leader>03072cz  a2200217n  4500</leader>
  <controlfield tag="001">584547</controlfield>
  <controlfield tag="003">DLC</controlfield>
  <controlfield tag="005">20200101073204.0</controlfield>
  <controlfield tag="008">840912n| azannaabn          |n aaa      </controlfield>
  <datafield tag="010" ind1=" " ind2=" ">
    <subfield code="a">n  84159195 </subfield>
  </datafield>
  <datafield tag="035" ind1=" " ind2=" ">
    <subfield code="a">(OCoLC)oca01196948</subfield>
  </datafield>
  <datafield tag="040" ind1=" " ind2=" ">
    <subfield code="a">DLC</subfield>
    <subfield code="b">eng</subfield>
    <subfield code="e">rda</subfield>
    <subfield code="c">DLC</subfield>
    <subfield code="d">DLC</subfield>
    <subfield code="d">OU</subfield>
  </datafield>
  <datafield tag="046" ind1=" " ind2=" ">
    <subfield code="f">1909-12-23</subfield>
    <subfield code="g">1994-01-09</subfield>
    <subfield code="2">edtf</subfield>
  </datafield>
  <datafield tag="100" ind1="1" ind2=" ">
    <subfield code="a">Werner, Joachim,</subfield>
    <subfield code="d">1909-1994</subfield>
  </datafield>
  <datafield tag="370" ind1=" " ind2=" ">
    <subfield code="a">Berlin (Germany)</subfield>
    <subfield code="b">Munich (Germany)</subfield>
    <subfield code="2">naf</subfield>
  </datafield>
  <datafield tag="374" ind1=" " ind2=" ">
    <subfield code="a">Archaeologists</subfield>
    <subfield code="a">Prehistorians</subfield>
    <subfield code="a">College teachers</subfield>
    <subfield code="2">lcsh</subfield>
  </datafield>
  <datafield tag="375" ind1=" " ind2=" ">
    <subfield code="a">Males</subfield>
    <subfield code="2">lcdgt</subfield>
  </datafield>
  <datafield tag="670" ind1=" " ind2=" ">
    <subfield code="a">His Der Grabfund von Malaja Pereščepina und Kuvrat, Kagan der Bulgaren, 1984:</subfield>
    <subfield code="b">t.p. (Joachim Werner)</subfield>
  </datafield>
  <datafield tag="670" ind1=" " ind2=" ">
    <subfield code="a">LC data base, 8-29-84</subfield>
    <subfield code="b">(hdg.: Werner, Joachim, 1909- )</subfield>
  </datafield>
  <datafield tag="670" ind1=" " ind2=" ">
    <subfield code="a">Wikidata via Wikipedia, December 31, 2019</subfield>
    <subfield code="b">(alias: Joachim Werner, Йоахим Вернер; sex or gender: male; LCAuth identifier: n84159195; VIAF identifier: 110608140; GND identifier: 118767127; place of birth: Berlin, German Reich; place of death: Munich; country of citizenship: Germany; instance of: human; occupation: prehistorian, university teacher; Freebase identifier: /m/0b6fssd; date of birth: +1909-12-23T00:00:00Z; date of death: +1994-01-09T00:00:00Z; member of political party: Nazi Party; employer: Ludwig Maximilian University of Munich, Deutsches Archäologisches Institut. Römisch-Germanische Kommission; member of: Sturmabteilung, German Archaeological Institute, Bavarian Academy of Sciences and Humanities, German Archaeological Institute, Deutsches Archäologisches Institut. Römisch-Germanische Kommission; surname: Werner; given name: Joachim; NTA identifier (Netherlands): 067845738; work location: Frankfurt, Strasbourg, Munich; FAST-ID: 137656; SANU member ID (P3475): 815; languages spoken or published: German, English, Latin; Great Russian Encyclopedia Online ID (P2924): 1909047; CONOR identifier: 22863971; student: Otto von Hessen, Ursula Koch, Bernhard Overbeck, Hans-Jörg Kellner, Hayo Vierck, Fritz-Rudolf Herrmann, Günter Ulbert, Frauke Stein; ISNI (P213): 000000010934801X; SUDOC authorities: 028360621; SHARE Catalogue author ID (P3987): 207267; educated at: Französisches Gymnasium Berlin; BnF identifier: 120211758; NKC identifier: jx20070712011; doctoral student: Ursula Koch, Bernhard Overbeck, Hans-Jörg Kellner, Hayo Vierck, Günter Ulbert, Frauke Stein; BAV (Vatican Library) identifier: ADV10084570; NLA identifier: 35760513; NLI (Israel) identifier: 000463493; NUKAT authorities: n2003065752; BIBSYS identifier: 90319641; child: Matthias Werner; award received: Travel Scholarship of the German Archaeological Institute, doctor honoris causa; student of: Max Ebert, Wilhelm Unverzagt, Oswald Menghin, Gero von Merhart, Hans Zeiss; doctoral advisor: Hans Zeiss; conflict: World War II; military branch: Wehrmacht; Pers\u00e9e author ID (P2732): 180930; description/label: arqueólogo alemán, deutscher Prähistoriker, Duits antropoloog , German archaeologist, professor académico alemão, seandálaí Gearmánach, tysk professor)</subfield>
    <subfield code="u">http://www.wikidata.org/entity/Q96282</subfield>
  </datafield>
  <datafield tag="953" ind1=" " ind2=" ">
    <subfield code="a">ec16</subfield>
  </datafield>
</record>