
<record>
  <leader>02107cz  a2200253n  4500</leader>
  <controlfield tag="001">600057</controlfield>
  <controlfield tag="003">DLC</controlfield>
  <controlfield tag="005">20200101073139.0</controlfield>
  <controlfield tag="008">850709n| azannaabn          |a aaa      </controlfield>
  <datafield tag="010" ind1=" " ind2=" ">
    <subfield code="a">n  85071525 </subfield>
  </datafield>
  <datafield tag="035" ind1=" " ind2=" ">
    <subfield code="a">(OCoLC)oca01364832</subfield>
  </datafield>
  <datafield tag="040" ind1=" " ind2=" ">
    <subfield code="a">DLC</subfield>
    <subfield code="b">eng</subfield>
    <subfield code="e">rda</subfield>
    <subfield code="c">DLC</subfield>
    <subfield code="d">OU</subfield>
  </datafield>
  <datafield tag="046" ind1=" " ind2=" ">
    <subfield code="f">1908-12-20</subfield>
    <subfield code="g">1995-05-25</subfield>
    <subfield code="2">edtf</subfield>
  </datafield>
  <datafield tag="100" ind1="1" ind2=" ">
    <subfield code="a">Frenzel, Herbert A.</subfield>
    <subfield code="q">(Herbert Alfred),</subfield>
    <subfield code="d">1908-1995</subfield>
  </datafield>
  <datafield tag="370" ind1=" " ind2=" ">
    <subfield code="a">Berlin (Germany)</subfield>
    <subfield code="b">Berlin (Germany)</subfield>
    <subfield code="2">naf</subfield>
  </datafield>
  <datafield tag="374" ind1=" " ind2=" ">
    <subfield code="a">Journalists</subfield>
    <subfield code="a">Translators</subfield>
    <subfield code="a">Dramatists</subfield>
    <subfield code="a">Authors</subfield>
    <subfield code="a">Editors</subfield>
    <subfield code="2">lcsh</subfield>
  </datafield>
  <datafield tag="375" ind1=" " ind2=" ">
    <subfield code="a">Males</subfield>
    <subfield code="2">lcdgt</subfield>
  </datafield>
  <datafield tag="378" ind1=" " ind2=" ">
    <subfield code="q">Herbert Alfred</subfield>
  </datafield>
  <datafield tag="400" ind1="1" ind2=" ">
    <subfield code="w">nnaa</subfield>
    <subfield code="a">Frenzel, Herbert Alfred,</subfield>
    <subfield code="d">1908-</subfield>
  </datafield>
  <datafield tag="400" ind1="1" ind2=" ">
    <subfield code="a">Frenzel, Herbert Alfred,</subfield>
    <subfield code="d">1908-1995</subfield>
  </datafield>
  <datafield tag="670" ind1=" " ind2=" ">
    <subfield code="a">His Geschichte des Theaters, c1984:</subfield>
    <subfield code="b">t.p. (Herbert A. Frenzel) p. 1 (Dr. Herbert A. Frenzel, b. 1908 in Berlin)</subfield>
  </datafield>
  <datafield tag="670" ind1=" " ind2=" ">
    <subfield code="a">LC data base, 7-3-85</subfield>
    <subfield code="b">(hdg.: Frenzel, Herbert Alfred, 1908- ; usage: Frenzel, Herbert A.)</subfield>
  </datafield>
  <datafield tag="670" ind1=" " ind2=" ">
    <subfield code="a">Wikidata via Wikipedia, December 31, 2019</subfield>
    <subfield code="b">(alias: Herbert A. Frenzel; LCAuth identifier: n85071525; VIAF identifier: 17335354; GND identifier: 118693131; ISNI (P213): 0000000108751288; place of birth: Berlin; country of citizenship: Germany; instance of: human; CANTIC: a11576108; date of birth: +1908-12-20T00:00:00Z; date of death: +1995-05-25T00:00:00Z; occupation: author, translator, literary editor, dramaturge, non-fiction writer; given name: Herbert; NTA identifier (Netherlands): 068404123; place of death: Berlin; Open Library identifier: OL144590A; languages spoken or published: German; SHARE Catalogue author ID (P3987): 155818; FAST-ID: 155355; Angelicum author ID (P5731): 195267; SUDOC authorities: 034729305; BnF identifier: 12545271d; sex or gender: male; NKC identifier: ola2005284346; University of Barcelona authority ID: a1305182; LNB identifier: 000081105; NLA identifier: 35833997; NLI (Israel) identifier: 000260808; NSK identifier: 000171120; NUKAT authorities: n96026148; BIBSYS identifier: 90128889; People Australia identifier: 1108311; description/label: deutscher Skandinavist, Duits auteur , Skandinavist)</subfield>
    <subfield code="u">http://www.wikidata.org/entity/Q1607956</subfield>
  </datafield>
  <datafield tag="953" ind1=" " ind2=" ">
    <subfield code="a">ec19</subfield>
  </datafield>
</record>