
<record>
  <leader>02418cz  a2200217n  4500</leader>
  <controlfield tag="001">645213</controlfield>
  <controlfield tag="003">DLC</controlfield>
  <controlfield tag="005">20200101073201.0</controlfield>
  <controlfield tag="008">860502n| azannaabn          |n aaa      </controlfield>
  <datafield tag="010" ind1=" " ind2=" ">
    <subfield code="a">n  86824395 </subfield>
  </datafield>
  <datafield tag="035" ind1=" " ind2=" ">
    <subfield code="a">(OCoLC)oca01570661</subfield>
  </datafield>
  <datafield tag="040" ind1=" " ind2=" ">
    <subfield code="a">DLC</subfield>
    <subfield code="b">eng</subfield>
    <subfield code="e">rda</subfield>
    <subfield code="c">DLC</subfield>
    <subfield code="d">OU</subfield>
  </datafield>
  <datafield tag="046" ind1=" " ind2=" ">
    <subfield code="f">1904-02-26</subfield>
    <subfield code="g">1988-06-26</subfield>
    <subfield code="2">edtf</subfield>
  </datafield>
  <datafield tag="100" ind1="1" ind2=" ">
    <subfield code="a">Rosenberg, Hans,</subfield>
    <subfield code="d">1904-1988</subfield>
  </datafield>
  <datafield tag="370" ind1=" " ind2=" ">
    <subfield code="a">Hannover (Germany)</subfield>
    <subfield code="b">Kirchzarten (Germany)</subfield>
    <subfield code="e">United States</subfield>
    <subfield code="2">naf</subfield>
  </datafield>
  <datafield tag="374" ind1=" " ind2=" ">
    <subfield code="a">Historians</subfield>
    <subfield code="a">College teachers</subfield>
    <subfield code="2">lcsh</subfield>
  </datafield>
  <datafield tag="375" ind1=" " ind2=" ">
    <subfield code="a">Males</subfield>
    <subfield code="2">lcdgt</subfield>
  </datafield>
  <datafield tag="670" ind1=" " ind2=" ">
    <subfield code="a">nuc85-70627: His Grosse Depression und Bismarckzeit, 1976, c1967</subfield>
    <subfield code="b">(hdg. on MWelC rept.: Rosenberg, Hans, 1904- ; usage: Hans Rosenberg)</subfield>
  </datafield>
  <datafield tag="670" ind1=" " ind2=" ">
    <subfield code="a">LC data base, 5-2-86</subfield>
    <subfield code="b">(hdg.: Rosenberg, Hans, 1904-)</subfield>
  </datafield>
  <datafield tag="670" ind1=" " ind2=" ">
    <subfield code="a">Wikidata via Wikipedia, December 31, 2019</subfield>
    <subfield code="b">(alias: Hans Rosenberg; sex or gender: male; VIAF identifier: 98447056; ISNI (P213): 0000000116913355; LCAuth identifier: n86824395; GND identifier: 11939085X; place of birth: Hanover; place of death: Kirchzarten; country of citizenship: Germany; instance of: human; award received: John Simon Guggenheim Memorial Foundation Fellowship, Officer&apos;s Cross of the Order of Merit of the Federal Republic of Germany, Officer&apos;s Cross of the Order of Merit of the Federal Republic of Germany; date of birth: +1904-02-26T00:00:00Z; date of death: +1988-06-26T00:00:00Z; occupation: economic historian, historian of the modern age, historian, university teacher; employer: University of Freiburg, University of California, Berkeley, Brooklyn College; given name: Hans; NTA identifier (Netherlands): 06774141X; NDL identifier: 00454663; FAST-ID: 1471857; SNAC Ark ID (P3430): w6487s91; languages spoken or published: German; work location: Freiburg im Breisgau; PM20 folder ID (P4293): pe/014974; SHARE Catalogue author ID (P3987): 69874; surname: Rosenberg; SUDOC authorities: 085731730; NKC identifier: jn19990007143; doctoral student: Shulamit Ṿolḳov; Guggenheim fellows ID (P6594): hans-rosenberg; PUSC author ID (P5739): 68403; description/label: deutscher Historiker, Duits economisch historicus , German historian, historiador alemán, historiador alemany, historian gjerman, historien allemand, istoric german, professor académico alemão, Saksamaa ajaloolane, staraí Gearmánach, tysk professor, היסטוריון גרמני, هانس روزنبرغ, مؤرخ ألماني)</subfield>
    <subfield code="u">http://www.wikidata.org/entity/Q104558</subfield>
  </datafield>
  <datafield tag="953" ind1=" " ind2=" ">
    <subfield code="a">na13</subfield>
  </datafield>
</record>