
<record>
  <leader>01357cz  a2200301n  4500</leader>
  <controlfield tag="001">695148</controlfield>
  <controlfield tag="003">DLC</controlfield>
  <controlfield tag="005">20200101073132.0</controlfield>
  <controlfield tag="008">880729n| azannaabn          |a aaa      </controlfield>
  <datafield tag="010" ind1=" " ind2=" ">
    <subfield code="a">n  88652335 </subfield>
  </datafield>
  <datafield tag="016" ind1=" " ind2=" ">
    <subfield code="a">0051D7549E</subfield>
  </datafield>
  <datafield tag="035" ind1=" " ind2=" ">
    <subfield code="a">(OCoLC)oca02331160</subfield>
  </datafield>
  <datafield tag="040" ind1=" " ind2=" ">
    <subfield code="a">DLC</subfield>
    <subfield code="b">eng</subfield>
    <subfield code="e">rda</subfield>
    <subfield code="c">DLC</subfield>
    <subfield code="d">OCoLC</subfield>
    <subfield code="d">CaOONL</subfield>
  </datafield>
  <datafield tag="042" ind1=" " ind2=" ">
    <subfield code="a">nlc</subfield>
  </datafield>
  <datafield tag="046" ind1=" " ind2=" ">
    <subfield code="f">1946</subfield>
    <subfield code="2">edtf</subfield>
  </datafield>
  <datafield tag="053" ind1=" " ind2="4">
    <subfield code="a">PS8639.O3885</subfield>
    <subfield code="5">CaOONL</subfield>
  </datafield>
  <datafield tag="100" ind1="1" ind2=" ">
    <subfield code="a">Toews, Judy</subfield>
  </datafield>
  <datafield tag="370" ind1=" " ind2=" ">
    <subfield code="c">Canada</subfield>
    <subfield code="e">Nelson (B.C.)</subfield>
    <subfield code="2">naf</subfield>
  </datafield>
  <datafield tag="377" ind1=" " ind2=" ">
    <subfield code="a">eng</subfield>
  </datafield>
  <datafield tag="378" ind1=" " ind2=" ">
    <subfield code="q">Judith Gay</subfield>
  </datafield>
  <datafield tag="400" ind1="1" ind2=" ">
    <subfield code="a">Toews, Judy,</subfield>
    <subfield code="d">1946-</subfield>
  </datafield>
  <datafield tag="400" ind1="1" ind2=" ">
    <subfield code="a">Toews, Judith Gay,</subfield>
    <subfield code="d">1946-</subfield>
  </datafield>
  <datafield tag="400" ind1="1" ind2=" ">
    <subfield code="a">Toews, J. G.,</subfield>
    <subfield code="d">1946-</subfield>
  </datafield>
  <datafield tag="670" ind1=" " ind2=" ">
    <subfield code="a">nuc88-88791: Her Bodysense, 1985</subfield>
    <subfield code="b">(hdg. on CaBVaU rept.: Toews, Judy; usage: Judy Towes)</subfield>
  </datafield>
  <datafield tag="670" ind1=" " ind2=" ">
    <subfield code="a">Give out creek, 2018 :</subfield>
    <subfield code="b">title page (J.G. Toews) about the author page (JG Toews is a former health professional, technical writer, columnist, and non-fiction author; Give out creek is her debut novel and the first in a series of Stella Mosconi mysteries; Judy lives in Nelson, Canada)</subfield>
  </datafield>
  <datafield tag="670" ind1=" " ind2=" ">
    <subfield code="a">Canadiana, December 31, 2019</subfield>
    <subfield code="b">(heading: Toews, Judy, 1946-; variants: Toews, Judith Gay, 1946-; Toews, J. G., 1946-; Canadian)</subfield>
  </datafield>
  <datafield tag="670" ind1=" " ind2=" ">
    <subfield code="a">OCLC, December 31, 2019</subfield>
    <subfield code="b">(access points: Toews, J. G.; Toews, Judy; Toews, Judy, 1946-; Toews, Judith Gay, 1946-; predominant usage: Judy Toews; other usage: J.G. Toews)</subfield>
  </datafield>
  <datafield tag="953" ind1=" " ind2=" ">
    <subfield code="a">np13</subfield>
  </datafield>
</record>