
<record>
  <leader>01840cz  a2200313n  4500</leader>
  <controlfield tag="001">797736</controlfield>
  <controlfield tag="003">DLC</controlfield>
  <controlfield tag="005">20200101073211.0</controlfield>
  <controlfield tag="008">940309n| azannaabn          |a aaa      </controlfield>
  <datafield tag="010" ind1=" " ind2=" ">
    <subfield code="a">n  94023035 </subfield>
  </datafield>
  <datafield tag="035" ind1=" " ind2=" ">
    <subfield code="a">(OCoLC)oca03562903</subfield>
  </datafield>
  <datafield tag="040" ind1=" " ind2=" ">
    <subfield code="a">DLC</subfield>
    <subfield code="b">eng</subfield>
    <subfield code="e">rda</subfield>
    <subfield code="c">DLC</subfield>
    <subfield code="d">OCUCA</subfield>
  </datafield>
  <datafield tag="046" ind1=" " ind2=" ">
    <subfield code="f">1955-11-09</subfield>
    <subfield code="2">edtf</subfield>
  </datafield>
  <datafield tag="100" ind1="1" ind2=" ">
    <subfield code="a">Bois, Thomas J.,</subfield>
    <subfield code="c">II,</subfield>
    <subfield code="d">1955-</subfield>
  </datafield>
  <datafield tag="370" ind1=" " ind2=" ">
    <subfield code="a">Manchester (N.H.)</subfield>
    <subfield code="c">United States</subfield>
    <subfield code="f">Irvine (Calif.)</subfield>
    <subfield code="2">naf</subfield>
  </datafield>
  <datafield tag="372" ind1=" " ind2=" ">
    <subfield code="a">Law</subfield>
    <subfield code="2">lcsh</subfield>
  </datafield>
  <datafield tag="373" ind1=" " ind2=" ">
    <subfield code="a">Meserve, Mumper &amp; Hughes</subfield>
    <subfield code="s">1990</subfield>
    <subfield code="t">1995</subfield>
  </datafield>
  <datafield tag="373" ind1=" " ind2=" ">
    <subfield code="a">Sedgwick, Detert, Moran &amp; Arnold</subfield>
    <subfield code="s">1995</subfield>
    <subfield code="t">2001</subfield>
  </datafield>
  <datafield tag="373" ind1=" " ind2=" ">
    <subfield code="a">Bois &amp; Macdonald</subfield>
    <subfield code="s">2001</subfield>
  </datafield>
  <datafield tag="373" ind1=" " ind2=" ">
    <subfield code="a">University of California, Irvine</subfield>
    <subfield code="2">naf</subfield>
    <subfield code="s">2004</subfield>
    <subfield code="t">2009</subfield>
  </datafield>
  <datafield tag="374" ind1=" " ind2=" ">
    <subfield code="a">Lawyers</subfield>
    <subfield code="2">lcsh</subfield>
    <subfield code="s">1982</subfield>
  </datafield>
  <datafield tag="375" ind1=" " ind2=" ">
    <subfield code="a">Males</subfield>
    <subfield code="2">lcdgt</subfield>
  </datafield>
  <datafield tag="377" ind1=" " ind2=" ">
    <subfield code="a">eng</subfield>
  </datafield>
  <datafield tag="400" ind1="1" ind2=" ">
    <subfield code="a">Bois, Tom,</subfield>
    <subfield code="c">II,</subfield>
    <subfield code="d">1955-</subfield>
  </datafield>
  <datafield tag="400" ind1="1" ind2=" ">
    <subfield code="w">nne</subfield>
    <subfield code="a">Bois, Thomas J.</subfield>
  </datafield>
  <datafield tag="670" ind1=" " ind2=" ">
    <subfield code="a">California groundwater and soil contamination, c1994:</subfield>
    <subfield code="b">CIP title page (Thomas J. Bois II)</subfield>
  </datafield>
  <datafield tag="670" ind1=" " ind2=" ">
    <subfield code="a">Martindale-Hubbell law directory, 2010:</subfield>
    <subfield code="b">volume 1, page CAA386B (Thomas J. Bois, II; born Manchester, New Hampshire, November 9, 1955; admitted to bar, 1982, Missouri; 1983, California; 1993, District of Columbia; 2005, U.S. Supreme Court; A.B., St. Michael&apos;s College, 1977; J.D., St. Louis University, 1981; adjunct professor, University of California at Irvine Extension, 2005- ; member, Bois &amp; Macdonald, Irvine, California)</subfield>
  </datafield>
  <datafield tag="670" ind1=" " ind2=" ">
    <subfield code="a">Linkedin.com, viewed December 30, 2019:</subfield>
    <subfield code="b">(Tom Bois; Thomas J. Bois; managing partner at Bois &amp; Macdonald, Irvine, California, October 2001-present; head, Southern California environmental practice group, Sedgwick, Detert, Moran &amp; Arnold, November 1995-October 2001; head, environmental practice group, Meserve, Mumper &amp; Hughes LLP, November 1990-November 1995; adjunct professor, UC Irvine, 2004-2009)</subfield>
    <subfield code="u">https://www.linkedin.com/in/tom-bois-9142004/</subfield>
  </datafield>
  <datafield tag="953" ind1=" " ind2=" ">
    <subfield code="a">sg63</subfield>
  </datafield>
</record>