
<record>
  <leader>01249cz  a2200277n  4500</leader>
  <controlfield tag="001">844668</controlfield>
  <controlfield tag="003">DLC</controlfield>
  <controlfield tag="005">20200101073208.0</controlfield>
  <controlfield tag="008">960813n| azannaabn          |a aaa     c</controlfield>
  <datafield tag="010" ind1=" " ind2=" ">
    <subfield code="a">no 96040655 </subfield>
  </datafield>
  <datafield tag="035" ind1=" " ind2=" ">
    <subfield code="a">(OCoLC)oca04139476</subfield>
  </datafield>
  <datafield tag="040" ind1=" " ind2=" ">
    <subfield code="a">OOC</subfield>
    <subfield code="b">eng</subfield>
    <subfield code="e">rda</subfield>
    <subfield code="c">OOC</subfield>
    <subfield code="d">PPi-MA</subfield>
    <subfield code="d">DLC</subfield>
    <subfield code="d">WaBeWWUM</subfield>
  </datafield>
  <datafield tag="046" ind1=" " ind2=" ">
    <subfield code="k">[..1864]</subfield>
    <subfield code="2">edtf</subfield>
  </datafield>
  <datafield tag="100" ind1="1" ind2=" ">
    <subfield code="a">Jensen, Adolf,</subfield>
    <subfield code="d">1837-1879.</subfield>
    <subfield code="t">Gesänge aus dem spanischen Liederbuch,</subfield>
    <subfield code="n">op. 21.</subfield>
    <subfield code="p">Murmelndes Lüftchen</subfield>
  </datafield>
  <datafield tag="380" ind1=" " ind2=" ">
    <subfield code="a">Songs</subfield>
    <subfield code="a">Chamber music</subfield>
    <subfield code="2">lcgft</subfield>
  </datafield>
  <datafield tag="382" ind1="0" ind2=" ">
    <subfield code="a">singer</subfield>
    <subfield code="n">1</subfield>
    <subfield code="a">piano</subfield>
    <subfield code="n">1</subfield>
    <subfield code="s">2</subfield>
    <subfield code="2">lcmpt</subfield>
  </datafield>
  <datafield tag="383" ind1=" " ind2=" ">
    <subfield code="b">op. 21, no. 4</subfield>
  </datafield>
  <datafield tag="400" ind1="1" ind2=" ">
    <subfield code="a">Jensen, Adolf,</subfield>
    <subfield code="d">1837-1879.</subfield>
    <subfield code="t">Murmelndes Lüftchen</subfield>
  </datafield>
  <datafield tag="400" ind1="1" ind2=" ">
    <subfield code="a">Jensen, Adolf,</subfield>
    <subfield code="d">1837-1879.</subfield>
    <subfield code="t">Murmuring breezes</subfield>
  </datafield>
  <datafield tag="400" ind1="1" ind2=" ">
    <subfield code="a">Jensen, Adolf,</subfield>
    <subfield code="d">1837-1879.</subfield>
    <subfield code="t">Murmuring zephyrs</subfield>
  </datafield>
  <datafield tag="670" ind1=" " ind2=" ">
    <subfield code="a">Rethberg, E. The complete Brunswick recordings (1924-29) [SR] p1994:</subfield>
    <subfield code="b">insert (Murmelndes Lüftchen / Jensen)</subfield>
  </datafield>
  <datafield tag="670" ind1=" " ind2=" ">
    <subfield code="a">New Grove</subfield>
    <subfield code="b">(7 Gesänge aus dem spanischen Liederbuch (Geibel, Heyse), op. 21 (Hamburg, 1864))</subfield>
  </datafield>
  <datafield tag="670" ind1=" " ind2=" ">
    <subfield code="a">CPM to 1980</subfield>
    <subfield code="b">(7 Gesänge, op. 21. No. 4, Murmelndes Lüftchen)</subfield>
  </datafield>
  <datafield tag="670" ind1=" " ind2=" ">
    <subfield code="a">Grove music online, December 30, 2019</subfield>
    <subfield code="b">(also lists 7 Gesänge aus dem Spanischen Liederbuch (F.E. Geibel, Heyse), op. 4 (Hamburg, 1860))</subfield>
  </datafield>
  <datafield tag="953" ind1=" " ind2=" ">
    <subfield code="a">xx00</subfield>
    <subfield code="b">vk04</subfield>
  </datafield>
  <datafield tag="985" ind1=" " ind2=" ">
    <subfield code="c">OCLC</subfield>
    <subfield code="e">LSPC</subfield>
  </datafield>
</record>