
<record>
  <leader>01300cz  a2200241n  4500</leader>
  <controlfield tag="001">945347</controlfield>
  <controlfield tag="003">DLC</controlfield>
  <controlfield tag="005">20200101073156.0</controlfield>
  <controlfield tag="008">780331n| azannaabn          |b aaa      </controlfield>
  <datafield tag="010" ind1=" " ind2=" ">
    <subfield code="a">n  78015524 </subfield>
  </datafield>
  <datafield tag="035" ind1=" " ind2=" ">
    <subfield code="a">(OCoLC)oca00151968</subfield>
  </datafield>
  <datafield tag="040" ind1=" " ind2=" ">
    <subfield code="a">DLC</subfield>
    <subfield code="b">eng</subfield>
    <subfield code="e">rda</subfield>
    <subfield code="c">DLC</subfield>
    <subfield code="d">DLC</subfield>
    <subfield code="d">DLC</subfield>
    <subfield code="d">OCoLC</subfield>
  </datafield>
  <datafield tag="046" ind1=" " ind2=" ">
    <subfield code="f">1852</subfield>
    <subfield code="g">1892</subfield>
    <subfield code="2">edtf</subfield>
  </datafield>
  <datafield tag="100" ind1="1" ind2=" ">
    <subfield code="a">Terekhovʺ, Aleksandrʺ Anikitichʺ,</subfield>
    <subfield code="d">1852-1892</subfield>
  </datafield>
  <datafield tag="370" ind1=" " ind2=" ">
    <subfield code="c">Russia</subfield>
    <subfield code="2">lcsh</subfield>
  </datafield>
  <datafield tag="374" ind1=" " ind2=" ">
    <subfield code="a">Military historians</subfield>
    <subfield code="2">lcsh</subfield>
  </datafield>
  <datafield tag="400" ind1="1" ind2=" ">
    <subfield code="a">Terekhovʺ, A.,</subfield>
    <subfield code="d">1852-1892</subfield>
  </datafield>
  <datafield tag="400" ind1="1" ind2=" ">
    <subfield code="a">Тереховъ, Александръ Аникитичъ,</subfield>
    <subfield code="d">1852-1892</subfield>
  </datafield>
  <datafield tag="400" ind1="1" ind2=" ">
    <subfield code="a">Тереховъ, А.,</subfield>
    <subfield code="d">1852-1892</subfield>
  </datafield>
  <datafield tag="667" ind1=" " ind2=" ">
    <subfield code="a">Non-Latin script reference not evaluated.</subfield>
  </datafield>
  <datafield tag="670" ind1=" " ind2=" ">
    <subfield code="a">His Istoricheskīĭ ocherkʺ dvizhenīi︠a︡ Rossīi na Balkanskīĭ poluostrovʺ, 1888:</subfield>
    <subfield code="b">t.p. (А. Тереховъ = A. Terekhovʺ)</subfield>
  </datafield>
  <datafield tag="670" ind1=" " ind2=" ">
    <subfield code="a">Russian National Library online card catalog, viewed 28 August 2019:</subfield>
    <subfield code="b">(Терехов, Александр Аникитич, 1852-1892: author of Исторический очерк движения России на Балканский полуостров, and Тактические учения кавалерии ..., 1885; usage: А. Терехов)</subfield>
  </datafield>
  <datafield tag="675" ind1=" " ind2=" ">
    <subfield code="a">Russian Brockhaus, 1901;</subfield>
    <subfield code="a">Russkiĭ biog. slovarʹ, 1912;</subfield>
    <subfield code="a">Kat. russkikh knig, 1897-1902.</subfield>
  </datafield>
</record>