
<record>
  <leader>02264cz  a2200421n  4500</leader>
  <controlfield tag="001">1029753</controlfield>
  <controlfield tag="003">DLC</controlfield>
  <controlfield tag="005">20200101073154.0</controlfield>
  <controlfield tag="008">831031nc azannaabn          |b aaa      </controlfield>
  <datafield tag="010" ind1=" " ind2=" ">
    <subfield code="a">n  83171164 </subfield>
  </datafield>
  <datafield tag="035" ind1=" " ind2=" ">
    <subfield code="a">(OCoLC)oca00991660</subfield>
  </datafield>
  <datafield tag="040" ind1=" " ind2=" ">
    <subfield code="a">DLC</subfield>
    <subfield code="b">eng</subfield>
    <subfield code="c">DLC</subfield>
    <subfield code="d">DLC</subfield>
    <subfield code="d">DLC-R</subfield>
    <subfield code="d">OCoLC</subfield>
    <subfield code="d">NjP</subfield>
    <subfield code="d">HkUST</subfield>
    <subfield code="d">OCoLC</subfield>
    <subfield code="e">rda</subfield>
    <subfield code="d">HkUST</subfield>
    <subfield code="d">DcWaGWGG</subfield>
  </datafield>
  <datafield tag="046" ind1=" " ind2=" ">
    <subfield code="f">1952</subfield>
    <subfield code="2">edtf</subfield>
  </datafield>
  <datafield tag="100" ind1="1" ind2=" ">
    <subfield code="a">Wong, Y. C. Richard</subfield>
    <subfield code="q">(Yue-chim Richard),</subfield>
    <subfield code="d">1952-</subfield>
  </datafield>
  <datafield tag="370" ind1=" " ind2=" ">
    <subfield code="a">Shanghai (China)</subfield>
    <subfield code="2">naf</subfield>
  </datafield>
  <datafield tag="373" ind1=" " ind2=" ">
    <subfield code="a">University of Chicago</subfield>
    <subfield code="s">1974</subfield>
    <subfield code="t">1981</subfield>
    <subfield code="2">naf</subfield>
  </datafield>
  <datafield tag="373" ind1=" " ind2=" ">
    <subfield code="a">Department of Economics, The Chinese University of Hong Kong</subfield>
    <subfield code="s">1976</subfield>
    <subfield code="t">1992</subfield>
  </datafield>
  <datafield tag="373" ind1=" " ind2=" ">
    <subfield code="a">Faculty of Business and Economics, University of Hong Kong</subfield>
    <subfield code="s">1992</subfield>
  </datafield>
  <datafield tag="374" ind1=" " ind2=" ">
    <subfield code="a">University and college faculty members</subfield>
    <subfield code="a">College and university administrators</subfield>
    <subfield code="2">lcdgt</subfield>
  </datafield>
  <datafield tag="375" ind1=" " ind2=" ">
    <subfield code="a">Males</subfield>
    <subfield code="2">lcdgt</subfield>
  </datafield>
  <datafield tag="377" ind1=" " ind2=" ">
    <subfield code="a">chi</subfield>
    <subfield code="a">eng</subfield>
  </datafield>
  <datafield tag="400" ind1="1" ind2=" ">
    <subfield code="a">Wang, Yujian,</subfield>
    <subfield code="d">1952-</subfield>
  </datafield>
  <datafield tag="400" ind1="1" ind2=" ">
    <subfield code="a">Wang, Yü-chien,</subfield>
    <subfield code="d">1952-</subfield>
  </datafield>
  <datafield tag="400" ind1="1" ind2=" ">
    <subfield code="a">王于漸,</subfield>
    <subfield code="d">1952-</subfield>
  </datafield>
  <datafield tag="400" ind1="1" ind2=" ">
    <subfield code="a">王于渐,</subfield>
    <subfield code="d">1952-</subfield>
  </datafield>
  <datafield tag="400" ind1="1" ind2=" ">
    <subfield code="a">Wong, R. Y. C.</subfield>
    <subfield code="q">(Richard Yue-chim),</subfield>
    <subfield code="d">1952-</subfield>
  </datafield>
  <datafield tag="400" ind1="1" ind2=" ">
    <subfield code="a">Wong, Yue-chim Richard,</subfield>
    <subfield code="d">1952-</subfield>
  </datafield>
  <datafield tag="400" ind1="1" ind2=" ">
    <subfield code="a">Wong, Richard,</subfield>
    <subfield code="d">1952-</subfield>
  </datafield>
  <datafield tag="667" ind1=" " ind2=" ">
    <subfield code="a">Machine-derived non-Latin script reference project.</subfield>
  </datafield>
  <datafield tag="667" ind1=" " ind2=" ">
    <subfield code="a">Non-Latin script references not evaluated.</subfield>
  </datafield>
  <datafield tag="667" ind1=" " ind2=" ">
    <subfield code="a">Non-Latin script references reviewed in NACO CJK Funnel References Project.</subfield>
  </datafield>
  <datafield tag="667" ind1=" " ind2=" ">
    <subfield code="a">Previous AACR2 hdg.: Wang, Yujian</subfield>
  </datafield>
  <datafield tag="670" ind1=" " ind2=" ">
    <subfield code="a">Hsiang-kang chuan shang chiao yü ti tʻan tʻao, 1981:</subfield>
    <subfield code="b">t.p. (王于漸 = Wang Yü-chien) p. 27 (Lecturer, Hsiang-kang Chung wen ta hsüeh ching chi hsi)</subfield>
  </datafield>
  <datafield tag="670" ind1=" " ind2=" ">
    <subfield code="a">Chi. Univ. of HK. Calendar, 1980/81</subfield>
    <subfield code="b">(Wong, R.Y.C.; 王于漸 = Wang Yü-chien, BA, MA (Chic.))</subfield>
  </datafield>
  <datafield tag="670" ind1=" " ind2=" ">
    <subfield code="a">On privatizing public housing, 1998:</subfield>
    <subfield code="b">t.p. (Yue-chim Richard Wong)</subfield>
  </datafield>
  <datafield tag="670" ind1=" " ind2=" ">
    <subfield code="a">E-mail from Richard Wong, March 22, 2004</subfield>
    <subfield code="b">(preferred form of name: Y.C. Richard Wong)</subfield>
  </datafield>
  <datafield tag="670" ind1=" " ind2=" ">
    <subfield code="a">Faculty of Business and Economics, The Univ. of Hong Kong Web page, March 22, 2004</subfield>
    <subfield code="b">Faculty (prof. Yue-chim Richard Wong; Dean, Faculty of Business and Economics; Chair of Economics; b. 1952, Shanghai; studied economics at Univ. of Chicago (A.B. 1974, A.M. 1974, and Ph.D. 1981); with Dept. of Economics, The Chinese Univ. of Hong Kong, 1976-1992; joined Univ. of Hong Kong in 1992)</subfield>
  </datafield>
  <datafield tag="953" ind1=" " ind2=" ">
    <subfield code="a">bl31</subfield>
    <subfield code="b">bl13</subfield>
  </datafield>
</record>