
<record>
  <leader>00806cz  a2200193n  4500</leader>
  <controlfield tag="001">1228288</controlfield>
  <controlfield tag="003">DLC</controlfield>
  <controlfield tag="005">20200101073216.0</controlfield>
  <controlfield tag="008">920422n| azannaabn          |a aaa      </controlfield>
  <datafield tag="010" ind1=" " ind2=" ">
    <subfield code="a">n  92044364 </subfield>
  </datafield>
  <datafield tag="035" ind1=" " ind2=" ">
    <subfield code="a">(OCoLC)oca03156868</subfield>
  </datafield>
  <datafield tag="040" ind1=" " ind2=" ">
    <subfield code="a">DLC</subfield>
    <subfield code="b">eng</subfield>
    <subfield code="e">rda</subfield>
    <subfield code="c">DLC</subfield>
    <subfield code="d">DLC</subfield>
    <subfield code="d">DNLM</subfield>
    <subfield code="d">DLC</subfield>
    <subfield code="d">DNLM</subfield>
  </datafield>
  <datafield tag="046" ind1=" " ind2=" ">
    <subfield code="f">1946-10-31</subfield>
    <subfield code="2">edtf</subfield>
  </datafield>
  <datafield tag="100" ind1="1" ind2=" ">
    <subfield code="a">Schatz, Michael,</subfield>
    <subfield code="c">M.D.</subfield>
  </datafield>
  <datafield tag="368" ind1=" " ind2=" ">
    <subfield code="d">M.D.</subfield>
  </datafield>
  <datafield tag="400" ind1="1" ind2=" ">
    <subfield code="a">Schatz, Michael,</subfield>
    <subfield code="d">1946-</subfield>
  </datafield>
  <datafield tag="670" ind1=" " ind2=" ">
    <subfield code="a">Nasal manifestations of systemic diseases, 1991:</subfield>
    <subfield code="b">t.p. (Michael Schatz, M.D.; clinical assoc. professor of medicine/pediatrics, Univ. of Calif., S.D.)</subfield>
  </datafield>
  <datafield tag="670" ind1=" " ind2=" ">
    <subfield code="a">Asthma and allergy in pregnancy and early infancy, c1993:</subfield>
    <subfield code="b">CIP t.p. (Michael Schatz; Kaiser-Permanente Med. Cent. and Univ. of Calif., San Diego, Sch. of Med., San Diego, Calif.) data sheet (b. 10-31-46)</subfield>
  </datafield>
  <datafield tag="953" ind1=" " ind2=" ">
    <subfield code="a">bg37</subfield>
  </datafield>
</record>