
<record>
  <leader>00674cz  a2200193n  4500</leader>
  <controlfield tag="001">1333789</controlfield>
  <controlfield tag="003">DLC</controlfield>
  <controlfield tag="005">20200101073159.0</controlfield>
  <controlfield tag="008">970731n| azannaabn          |a ana     c</controlfield>
  <datafield tag="010" ind1=" " ind2=" ">
    <subfield code="a">no 97045174 </subfield>
  </datafield>
  <datafield tag="035" ind1=" " ind2=" ">
    <subfield code="a">(OCoLC)oca04397119</subfield>
  </datafield>
  <datafield tag="040" ind1=" " ind2=" ">
    <subfield code="a">TxU-Mu</subfield>
    <subfield code="b">eng</subfield>
    <subfield code="e">rda</subfield>
    <subfield code="c">TxU-Mu</subfield>
    <subfield code="d">WaBeWWUM</subfield>
  </datafield>
  <datafield tag="110" ind1="2" ind2=" ">
    <subfield code="a">Pfeifer Quartet</subfield>
  </datafield>
  <datafield tag="368" ind1=" " ind2=" ">
    <subfield code="a">String quartets (Musical groups)</subfield>
    <subfield code="2">lcsh</subfield>
  </datafield>
  <datafield tag="410" ind1="2" ind2=" ">
    <subfield code="a">Pfeifer-Quartett</subfield>
  </datafield>
  <datafield tag="670" ind1=" " ind2=" ">
    <subfield code="a">Reger, M. Klavierquintett c-Moll op. 64 [SR] 197-?:</subfield>
    <subfield code="b">container (Pfeifer-Quartett: (Ruth Pfeifer, Johannes Kroener, violins ; Carol Allen, viola ; Kalman Dobos, violoncello)</subfield>
  </datafield>
  <datafield tag="670" ind1=" " ind2=" ">
    <subfield code="a">LCCN 72-750206/R</subfield>
    <subfield code="b">(hdg.: Pfeifer Quartet)</subfield>
  </datafield>
  <datafield tag="953" ind1=" " ind2=" ">
    <subfield code="a">xx00</subfield>
  </datafield>
  <datafield tag="985" ind1=" " ind2=" ">
    <subfield code="c">OCLC</subfield>
    <subfield code="e">LSPC</subfield>
  </datafield>
</record>