
<record>
  <leader>00811cz  a2200229n  4500</leader>
  <controlfield tag="001">1352724</controlfield>
  <controlfield tag="003">DLC</controlfield>
  <controlfield tag="005">20200101073159.0</controlfield>
  <controlfield tag="008">971208n| azannaab|          |n aaa     c</controlfield>
  <datafield tag="010" ind1=" " ind2=" ">
    <subfield code="a">nb 98000034 </subfield>
  </datafield>
  <datafield tag="016" ind1=" " ind2=" ">
    <subfield code="a">1001B5017E</subfield>
  </datafield>
  <datafield tag="035" ind1=" " ind2=" ">
    <subfield code="a">(OCoLC)oca04549366</subfield>
  </datafield>
  <datafield tag="040" ind1=" " ind2=" ">
    <subfield code="a">Uk</subfield>
    <subfield code="b">eng</subfield>
    <subfield code="e">rda</subfield>
    <subfield code="c">Uk</subfield>
    <subfield code="d">Uk</subfield>
    <subfield code="d">CaOONL</subfield>
  </datafield>
  <datafield tag="042" ind1=" " ind2=" ">
    <subfield code="a">nlc</subfield>
  </datafield>
  <datafield tag="046" ind1=" " ind2=" ">
    <subfield code="f">1968-10-06</subfield>
    <subfield code="2">edtf</subfield>
  </datafield>
  <datafield tag="100" ind1="1" ind2=" ">
    <subfield code="a">Iacobucci, Edward</subfield>
  </datafield>
  <datafield tag="377" ind1=" " ind2=" ">
    <subfield code="a">eng</subfield>
  </datafield>
  <datafield tag="667" ind1=" " ind2=" ">
    <subfield code="a">Not the same person as Iacobucci, Ed (n88-081322)</subfield>
  </datafield>
  <datafield tag="670" ind1=" " ind2=" ">
    <subfield code="a">Value for money, 1996:</subfield>
    <subfield code="b">t.p. (Edward Iacobucci) p.4 of cover (recent grad. of Fac. of Law at Univ. of Toronto; studied economics at Queen&apos;s Univ. and Oxford Univ.)</subfield>
  </datafield>
  <datafield tag="670" ind1=" " ind2=" ">
    <subfield code="a">Register of Rhodes Scholars 1903-1995, 1996:</subfield>
    <subfield code="b">p. 459 (Iacobucci, Edward Michael (Ont. &amp; St. John&apos;s) b. 6 Oct. 1968)</subfield>
  </datafield>
  <datafield tag="953" ind1=" " ind2=" ">
    <subfield code="a">xx00</subfield>
  </datafield>
  <datafield tag="985" ind1=" " ind2=" ">
    <subfield code="c">BL</subfield>
    <subfield code="e">LSPC</subfield>
  </datafield>
</record>