
<record>
  <leader>02581cz  a2200385n  4500</leader>
  <controlfield tag="001">1358550</controlfield>
  <controlfield tag="003">DLC</controlfield>
  <controlfield tag="005">20200101073155.0</controlfield>
  <controlfield tag="008">980528n| azannaabn           a aaa     c</controlfield>
  <datafield tag="010" ind1=" " ind2=" ">
    <subfield code="a">nr 98020004 </subfield>
  </datafield>
  <datafield tag="035" ind1=" " ind2=" ">
    <subfield code="a">(OCoLC)oca04740513</subfield>
  </datafield>
  <datafield tag="040" ind1=" " ind2=" ">
    <subfield code="a">NIC</subfield>
    <subfield code="b">eng</subfield>
    <subfield code="e">rda</subfield>
    <subfield code="c">NIC</subfield>
    <subfield code="d">NNWhit</subfield>
    <subfield code="d">DLC</subfield>
    <subfield code="d">NN</subfield>
    <subfield code="d">GVaS</subfield>
    <subfield code="d">DNGA</subfield>
  </datafield>
  <datafield tag="046" ind1=" " ind2=" ">
    <subfield code="f">1966-05-14</subfield>
    <subfield code="2">edtf</subfield>
  </datafield>
  <datafield tag="100" ind1="1" ind2=" ">
    <subfield code="a">Molesworth, Helen,</subfield>
    <subfield code="d">1966-</subfield>
  </datafield>
  <datafield tag="370" ind1=" " ind2=" ">
    <subfield code="c">United States</subfield>
    <subfield code="e">Los Angeles (Calif.)</subfield>
    <subfield code="2">naf</subfield>
  </datafield>
  <datafield tag="372" ind1=" " ind2=" ">
    <subfield code="a">Art museums--Curatorship</subfield>
    <subfield code="a">Art--History</subfield>
    <subfield code="a">Authorship</subfield>
    <subfield code="2">lcsh</subfield>
  </datafield>
  <datafield tag="373" ind1=" " ind2=" ">
    <subfield code="a">Museum of Contemporary Art (Los Angeles, Calif.)</subfield>
    <subfield code="2">naf</subfield>
  </datafield>
  <datafield tag="373" ind1=" " ind2=" ">
    <subfield code="a">Institute of Contemporary Art (Boston, Mass.)</subfield>
    <subfield code="2">naf</subfield>
    <subfield code="s">2010</subfield>
    <subfield code="t">2014</subfield>
  </datafield>
  <datafield tag="373" ind1=" " ind2=" ">
    <subfield code="a">Fogg Art Museum</subfield>
    <subfield code="2">naf</subfield>
  </datafield>
  <datafield tag="373" ind1=" " ind2=" ">
    <subfield code="a">Wexner Center for the Arts</subfield>
    <subfield code="2">naf</subfield>
  </datafield>
  <datafield tag="374" ind1=" " ind2=" ">
    <subfield code="a">Art museum curators</subfield>
    <subfield code="a">Art historians</subfield>
    <subfield code="a">Authors</subfield>
    <subfield code="2">lcsh</subfield>
  </datafield>
  <datafield tag="375" ind1=" " ind2=" ">
    <subfield code="a">Females</subfield>
    <subfield code="2">lcdgt</subfield>
  </datafield>
  <datafield tag="377" ind1=" " ind2=" ">
    <subfield code="a">eng</subfield>
  </datafield>
  <datafield tag="378" ind1=" " ind2=" ">
    <subfield code="q">Helen Anne</subfield>
  </datafield>
  <datafield tag="400" ind1="1" ind2=" ">
    <subfield code="w">nne</subfield>
    <subfield code="a">Molesworth, Helen Anne</subfield>
  </datafield>
  <datafield tag="510" ind1="2" ind2=" ">
    <subfield code="w">r</subfield>
    <subfield code="i">Employer:</subfield>
    <subfield code="a">Museum of Contemporary Art (Los Angeles, Calif.)</subfield>
  </datafield>
  <datafield tag="670" ind1=" " ind2=" ">
    <subfield code="a">At home with Duchamp, c1998:</subfield>
    <subfield code="b">t.p. (Helen Anne Molesworth)</subfield>
  </datafield>
  <datafield tag="670" ind1=" " ind2=" ">
    <subfield code="a">Matthew Ritchie, 1998:</subfield>
    <subfield code="b">p. 4 (Helen Molesworth)</subfield>
  </datafield>
  <datafield tag="670" ind1=" " ind2=" ">
    <subfield code="a">Tuymans, Luc. Luc Tuymans, 2009:</subfield>
    <subfield code="b">eCIP t.p. (Helen Molesworth) data sheet (James R. Houghton Curator of Contemporary Art at the Fogg Art Museum, Harvard University, and former chief curator at the Wexner Center for the Arts; she co-organized the exhibition &quot;Luc Tuymans&quot;; b. May 14, 1966)</subfield>
  </datafield>
  <datafield tag="670" ind1=" " ind2=" ">
    <subfield code="a">Molesworth, Helen Anne. Leap before you look, 2015:</subfield>
    <subfield code="b">title page (Helen Molesworth) page 389 (Helen Molesworth; chief curator at the Museum of Contemporary Art, Los Angeles, California; from 2010 to 2014, she was the Barbara Lee Chief Curator at the Institute of Contemporary Art, Boston, Massachusetts)</subfield>
  </datafield>
  <datafield tag="670" ind1=" " ind2=" ">
    <subfield code="a">Kerry James Marshall: Mastry, 2016:</subfield>
    <subfield code="b">page 270 (Helen Molesworth is the chief curator at the Museum of Contemporary Art, Los Angeles. She is the author of numerous catalogue essays)</subfield>
  </datafield>
  <datafield tag="670" ind1=" " ind2=" ">
    <subfield code="a">Hilma af Klint, 2018:</subfield>
    <subfield code="b">Page 241 (Helen Molesworth is an art historian, curator, and writer of catalogue essays)</subfield>
  </datafield>
  <datafield tag="670" ind1=" " ind2=" ">
    <subfield code="a">Wikipedia website, viewed April 10, 2019</subfield>
    <subfield code="b">(Helen Molesworth is an American curator of contemporary art. She was the Chief Curator at The Museum of Contemporary Art (MOCA), Los Angeles from where she was fired in 2018 without a reported cause. The curator resurfaced in 2019 in a Cultured Magazine article by Sarah Thornton (Article&apos;s link: https://www.culturedmag.com/helen-molesworth-curator/ ))</subfield>
    <subfield code="u">https://en.wikipedia.org/wiki/Helen_Molesworth</subfield>
  </datafield>
  <datafield tag="953" ind1=" " ind2=" ">
    <subfield code="a">xx00</subfield>
    <subfield code="b">rc15</subfield>
  </datafield>
  <datafield tag="985" ind1=" " ind2=" ">
    <subfield code="c">RLG</subfield>
    <subfield code="e">LSPC</subfield>
  </datafield>
</record>