
<record>
  <leader>00745cz  a2200181n  4500</leader>
  <controlfield tag="001">1368986</controlfield>
  <controlfield tag="003">DLC</controlfield>
  <controlfield tag="005">20200101073155.0</controlfield>
  <controlfield tag="008">980707n| azannaabn          |a aaa      </controlfield>
  <datafield tag="010" ind1=" " ind2=" ">
    <subfield code="a">n  98060884 </subfield>
  </datafield>
  <datafield tag="035" ind1=" " ind2=" ">
    <subfield code="a">(OCoLC)oca04766165</subfield>
  </datafield>
  <datafield tag="040" ind1=" " ind2=" ">
    <subfield code="a">DLC</subfield>
    <subfield code="b">eng</subfield>
    <subfield code="e">rda</subfield>
    <subfield code="c">DLC</subfield>
    <subfield code="d">DLC</subfield>
    <subfield code="d">OCoLC</subfield>
  </datafield>
  <datafield tag="046" ind1=" " ind2=" ">
    <subfield code="f">1962</subfield>
    <subfield code="2">edtf</subfield>
  </datafield>
  <datafield tag="100" ind1="1" ind2=" ">
    <subfield code="a">Soban, Tamara</subfield>
  </datafield>
  <datafield tag="400" ind1="1" ind2=" ">
    <subfield code="a">Soban, Tamara M.</subfield>
  </datafield>
  <datafield tag="670" ind1=" " ind2=" ">
    <subfield code="a">Skinswaps, 1998:</subfield>
    <subfield code="b">CIP t.p. (Tamara Soban [translator])</subfield>
  </datafield>
  <datafield tag="670" ind1=" " ind2=" ">
    <subfield code="a">Words without borders website, viewed July 31, 2019</subfield>
    <subfield code="b">(Tamara M. Soban, born in Ljubljana, Slovenia in 1962; BA in English from the University of Ljubljana; translator of Andrej Blatnik&apos;s Skinswaps; worked as a translator and editor for the Moderna galerija/Museum of Modern Art in Ljubljana)</subfield>
  </datafield>
  <datafield tag="953" ind1=" " ind2=" ">
    <subfield code="a">le10</subfield>
  </datafield>
</record>