
<record>
  <leader>01917cz  a2200229n  4500</leader>
  <controlfield tag="001">1402252</controlfield>
  <controlfield tag="003">DLC</controlfield>
  <controlfield tag="005">20200101073144.0</controlfield>
  <controlfield tag="008">800630n| azannaabn          |n aaa      </controlfield>
  <datafield tag="010" ind1=" " ind2=" ">
    <subfield code="a">n  50033789 </subfield>
  </datafield>
  <datafield tag="035" ind1=" " ind2=" ">
    <subfield code="a">(OCoLC)oca00069123</subfield>
  </datafield>
  <datafield tag="040" ind1=" " ind2=" ">
    <subfield code="a">DLC</subfield>
    <subfield code="b">eng</subfield>
    <subfield code="e">rda</subfield>
    <subfield code="c">DLC</subfield>
    <subfield code="d">DLC</subfield>
    <subfield code="d">OU</subfield>
  </datafield>
  <datafield tag="046" ind1=" " ind2=" ">
    <subfield code="f">1904-08-05</subfield>
    <subfield code="g">1983-02-12</subfield>
    <subfield code="2">edtf</subfield>
  </datafield>
  <datafield tag="100" ind1="1" ind2=" ">
    <subfield code="a">Busch, Harald,</subfield>
    <subfield code="d">1904-1983</subfield>
  </datafield>
  <datafield tag="370" ind1=" " ind2=" ">
    <subfield code="a">Bad Godesberg (Bonn, Germany)</subfield>
    <subfield code="b">Frankfurt am Main (Germany)</subfield>
    <subfield code="2">naf</subfield>
  </datafield>
  <datafield tag="374" ind1=" " ind2=" ">
    <subfield code="a">Art historians</subfield>
    <subfield code="a">Museum curators</subfield>
    <subfield code="a">Authors</subfield>
    <subfield code="2">lcsh</subfield>
  </datafield>
  <datafield tag="375" ind1=" " ind2=" ">
    <subfield code="a">Males</subfield>
    <subfield code="2">lcdgt</subfield>
  </datafield>
  <datafield tag="670" ind1=" " ind2=" ">
    <subfield code="a">His Meister Wolter und sein kreis ... 1931.</subfield>
  </datafield>
  <datafield tag="670" ind1=" " ind2=" ">
    <subfield code="a">Information from 678 converted Dec. 16, 2014</subfield>
    <subfield code="b">(Dr. Phil.)</subfield>
  </datafield>
  <datafield tag="670" ind1=" " ind2=" ">
    <subfield code="a">Wikidata via Wikipedia, December 31, 2019</subfield>
    <subfield code="b">(alias: Harald Busch; date of birth: +1904-08-05T00:00:00Z; date of death: +1983-02-12T00:00:00Z; sex or gender: male; instance of: human; country of citizenship: Germany; VIAF identifier: 109235092; SUDOC authorities: 069061033; GND identifier: 139733221; BAV (Vatican Library) identifier: ADV11352659; ISNI (P213): 0000000115801896; NUKAT authorities: n99028815; NTA identifier (Netherlands): 067749151; NLA identifier: 35024190; LCAuth identifier: n50033789; NKC identifier: xx0015708; given name: Harald; occupation: non-fiction writer; place of birth: Bad Godesberg; NLI (Israel) identifier: 000026828; BanQ author ID (P3280): 0000100605; archINFORM person or group ID (P5508): 32979; Angelicum author ID (P5731): 33832; SHARE Catalogue author ID (P3987): 313895; surname: Busch; ADAGP artist ID (P3901): 370271; copyright representative (P6275): reproduction right not represented by CISAC member; PUSC author ID (P5739): 12084; description/label: Duits non-fictieschrijver , escritor de non ficción alemán , German non-fiction writer , mariner i escriptor, marino y escritor, كاتب غير روائي ألماني)</subfield>
    <subfield code="u">http://www.wikidata.org/entity/Q20799109</subfield>
  </datafield>
  <datafield tag="952" ind1=" " ind2=" ">
    <subfield code="a">RETRO</subfield>
  </datafield>
  <datafield tag="953" ind1=" " ind2=" ">
    <subfield code="a">xx00</subfield>
  </datafield>
</record>