
<record>
  <leader>00762cz  a2200205n  4500</leader>
  <controlfield tag="001">1460403</controlfield>
  <controlfield tag="003">DLC</controlfield>
  <controlfield tag="005">20200101222036.0</controlfield>
  <controlfield tag="008">811019n| azannaabn          |a aaa      </controlfield>
  <datafield tag="010" ind1=" " ind2=" ">
    <subfield code="a">n  81116369 </subfield>
  </datafield>
  <datafield tag="035" ind1=" " ind2=" ">
    <subfield code="a">(DLC)n  81116369</subfield>
  </datafield>
  <datafield tag="040" ind1=" " ind2=" ">
    <subfield code="a">DLC</subfield>
    <subfield code="b">eng</subfield>
    <subfield code="e">rda</subfield>
    <subfield code="c">DLC</subfield>
    <subfield code="d">DLC</subfield>
  </datafield>
  <datafield tag="046" ind1=" " ind2=" ">
    <subfield code="f">1938-01-28</subfield>
    <subfield code="2">edtf</subfield>
  </datafield>
  <datafield tag="100" ind1="1" ind2=" ">
    <subfield code="a">Virmani, S. M.,</subfield>
    <subfield code="d">1938-</subfield>
  </datafield>
  <datafield tag="375" ind1=" " ind2=" ">
    <subfield code="a">Males</subfield>
    <subfield code="2">lcdgt</subfield>
  </datafield>
  <datafield tag="377" ind1=" " ind2=" ">
    <subfield code="a">eng</subfield>
  </datafield>
  <datafield tag="400" ind1="1" ind2=" ">
    <subfield code="a">Virmani, S. M.</subfield>
    <subfield code="q">(Surinder Mohan),</subfield>
    <subfield code="d">1938-</subfield>
  </datafield>
  <datafield tag="670" ind1=" " ind2=" ">
    <subfield code="a">His A handbook on the rainfall climatology of West Africa, 1980:</subfield>
    <subfield code="b">cover (S.M. Virmani)</subfield>
  </datafield>
  <datafield tag="670" ind1=" " ind2=" ">
    <subfield code="a">Natural resource management for accelerating agricultural productivity, 2012:</subfield>
    <subfield code="b">t.p. (S.M. Virmani) p. xii (b. Jan. 28, 1938)</subfield>
  </datafield>
  <datafield tag="670" ind1=" " ind2=" ">
    <subfield code="a">OCLC, viewed January 02, 2020</subfield>
    <subfield code="b">(hdg.: Virmani, S. M. (Surinder Mohan), 1938-)</subfield>
  </datafield>
</record>