
<record>
  <leader>01136cz  a2200253n  4500</leader>
  <controlfield tag="001">1504474</controlfield>
  <controlfield tag="003">DLC</controlfield>
  <controlfield tag="005">20200101073204.0</controlfield>
  <controlfield tag="008">840802n| acannaabn          |n aba      </controlfield>
  <datafield tag="010" ind1=" " ind2=" ">
    <subfield code="a">n  84015229 </subfield>
  </datafield>
  <datafield tag="035" ind1=" " ind2=" ">
    <subfield code="a">(OCoLC)oca01173194</subfield>
  </datafield>
  <datafield tag="040" ind1=" " ind2=" ">
    <subfield code="a">DLC</subfield>
    <subfield code="b">eng</subfield>
    <subfield code="c">DLC</subfield>
    <subfield code="d">DLC</subfield>
    <subfield code="d">NjP</subfield>
    <subfield code="d">DLC</subfield>
    <subfield code="d">Uk</subfield>
    <subfield code="d">DLC</subfield>
    <subfield code="d">Uk</subfield>
    <subfield code="d">DLC</subfield>
    <subfield code="d">Nz</subfield>
    <subfield code="d">HU</subfield>
    <subfield code="d">MnU</subfield>
    <subfield code="d">DLC</subfield>
    <subfield code="d">OCoLC</subfield>
  </datafield>
  <datafield tag="100" ind1="1" ind2=" ">
    <subfield code="a">Walker, Peter</subfield>
  </datafield>
  <datafield tag="667" ind1=" " ind2=" ">
    <subfield code="a">THIS 1XX FIELD CANNOT BE USED UNDER RDA UNTIL THIS UNDIFFERENTIATED RECORD HAS BEEN HANDLED FOLLOWING THE GUIDELINES IN DCM Z1 008/32</subfield>
  </datafield>
  <datafield tag="670" ind1=" " ind2=" ">
    <subfield code="a">[Contributor to Walter Dusenbery]</subfield>
  </datafield>
  <datafield tag="670" ind1=" " ind2=" ">
    <subfield code="a">Dusenbery, W. Walter Dusenbery, c1981:</subfield>
    <subfield code="b">p. 7 (Peter Walker, Cambridge, MA)</subfield>
  </datafield>
  <datafield tag="670" ind1=" " ind2=" ">
    <subfield code="a">[Contributor to Harrigan &apos;n Hart]</subfield>
  </datafield>
  <datafield tag="670" ind1=" " ind2=" ">
    <subfield code="a">Harrigan &apos;n Hart, c1986:</subfield>
    <subfield code="b">t.p. (lyrics by Peter Walker)</subfield>
  </datafield>
  <datafield tag="670" ind1=" " ind2=" ">
    <subfield code="a">[Author of Pubs of North Lambeth]</subfield>
  </datafield>
  <datafield tag="670" ind1=" " ind2=" ">
    <subfield code="a">Pubs of North Lambeth, 1989:</subfield>
    <subfield code="b">t.p. (Peter Walker)</subfield>
  </datafield>
  <datafield tag="670" ind1=" " ind2=" ">
    <subfield code="a">[Co-author of Schooldays 1900-1940]</subfield>
  </datafield>
  <datafield tag="670" ind1=" " ind2=" ">
    <subfield code="a">Schooldays 1900-1940, 1991:</subfield>
    <subfield code="b">t.p. (Peter Walker)</subfield>
  </datafield>
  <datafield tag="675" ind1=" " ind2=" ">
    <subfield code="a">Ww art, 22nd ed.;</subfield>
    <subfield code="a">Ww American art, 17th ed.;</subfield>
    <subfield code="a">Ww theatre, 17th ed.;</subfield>
    <subfield code="a">Ww, 1987;</subfield>
    <subfield code="a">BLAISE [not enough info.];</subfield>
    <subfield code="a">ANB 1989-94</subfield>
  </datafield>
  <datafield tag="953" ind1=" " ind2=" ">
    <subfield code="a">be26</subfield>
    <subfield code="b">jb14</subfield>
  </datafield>
</record>