
<record>
  <leader>02074cz  a2200217n  4500</leader>
  <controlfield tag="001">1517448</controlfield>
  <controlfield tag="003">DLC</controlfield>
  <controlfield tag="005">20200101073139.0</controlfield>
  <controlfield tag="008">850227n| azannaabn          |n aaa      </controlfield>
  <datafield tag="010" ind1=" " ind2=" ">
    <subfield code="a">n  84192109 </subfield>
  </datafield>
  <datafield tag="035" ind1=" " ind2=" ">
    <subfield code="a">(OCoLC)oca01277388</subfield>
  </datafield>
  <datafield tag="040" ind1=" " ind2=" ">
    <subfield code="a">DLC</subfield>
    <subfield code="b">eng</subfield>
    <subfield code="e">rda</subfield>
    <subfield code="c">DLC</subfield>
    <subfield code="d">DLC</subfield>
    <subfield code="d">UkOxU</subfield>
    <subfield code="d">OU</subfield>
  </datafield>
  <datafield tag="046" ind1=" " ind2=" ">
    <subfield code="f">1908-12-05</subfield>
    <subfield code="g">2003-03-02</subfield>
    <subfield code="2">edtf</subfield>
  </datafield>
  <datafield tag="100" ind1="1" ind2=" ">
    <subfield code="a">Wagner, Fritz,</subfield>
    <subfield code="d">1908-2003</subfield>
  </datafield>
  <datafield tag="370" ind1=" " ind2=" ">
    <subfield code="a">Ludwigsburg (Germany)</subfield>
    <subfield code="b">Kreuth (Germany)</subfield>
    <subfield code="2">naf</subfield>
  </datafield>
  <datafield tag="374" ind1=" " ind2=" ">
    <subfield code="a">Historians</subfield>
    <subfield code="a">College teachers</subfield>
    <subfield code="2">lcsh</subfield>
  </datafield>
  <datafield tag="375" ind1=" " ind2=" ">
    <subfield code="a">Males</subfield>
    <subfield code="2">lcdgt</subfield>
  </datafield>
  <datafield tag="670" ind1=" " ind2=" ">
    <subfield code="a">Die Anfänge der modernen Geschichtswissenschaft im 17. Jahrhundert, 1979:</subfield>
    <subfield code="b">t.p. (Fritz Wagner)</subfield>
  </datafield>
  <datafield tag="670" ind1=" " ind2=" ">
    <subfield code="a">LC data base, 2-21-85</subfield>
    <subfield code="b">(hdg.: Wagner, Fritz, 1908-)</subfield>
  </datafield>
  <datafield tag="670" ind1=" " ind2=" ">
    <subfield code="a">Wikidata via Wikipedia, December 31, 2019</subfield>
    <subfield code="b">(alias: Fritz Wagner, Фриц Вагнер; LCAuth identifier: n84192109; VIAF identifier: 79390210; GND identifier: 117095850; ISNI (P213): 0000000122823022; country of citizenship: Germany; instance of: human; award received: Commander&apos;s Cross of the Order of Merit of the Federal Republic of Germany; date of birth: +1908-12-05T00:00:00Z; date of death: +2003-03-02T00:00:00Z; employer: Ludwig Maximilian University of Munich; occupation: historian of the modern age, university teacher; given name: Fritz; member of: Bavarian Academy of Sciences and Humanities; place of birth: Ludwigsburg; NTA identifier (Netherlands): 068385331; place of death: Kreuth; work location: Innsbruck, Marburg, Munich; academic degree: doctorate; Marburger Professorenkatalog ID (P3187): 3909; surname: Wagner; CONOR identifier: 112680803; languages spoken or published: German; BNE identifier: XX889615; SUDOC authorities: 074482726; BnF identifier: 10746871c; sex or gender: male; NKC identifier: xx0026469; BHCL ID (P6656): 197354; PUSC author ID (P5739): 83220; description/label: deutscher Historiker und Wissenschaftshistoriker, Duits historicus van de moderne tijd , German historian of modern age, professor académico alemão, staraí Gearmánach, tysk professor, فريتز فاغنر)</subfield>
    <subfield code="u">http://www.wikidata.org/entity/Q1468773</subfield>
  </datafield>
  <datafield tag="953" ind1=" " ind2=" ">
    <subfield code="a">ec12</subfield>
  </datafield>
</record>