
<record>
  <leader>01535cz  a2200217n  4500</leader>
  <controlfield tag="001">1538484</controlfield>
  <controlfield tag="003">DLC</controlfield>
  <controlfield tag="005">20200101073140.0</controlfield>
  <controlfield tag="008">851016n| azannaabn          |n aaa      </controlfield>
  <datafield tag="010" ind1=" " ind2=" ">
    <subfield code="a">n  85174789 </subfield>
  </datafield>
  <datafield tag="035" ind1=" " ind2=" ">
    <subfield code="a">(OCoLC)oca01423593</subfield>
  </datafield>
  <datafield tag="040" ind1=" " ind2=" ">
    <subfield code="a">DLC</subfield>
    <subfield code="b">eng</subfield>
    <subfield code="e">rda</subfield>
    <subfield code="c">DLC</subfield>
    <subfield code="d">DLC</subfield>
    <subfield code="d">OU</subfield>
  </datafield>
  <datafield tag="046" ind1=" " ind2=" ">
    <subfield code="f">1903-04-20</subfield>
    <subfield code="g">1986-09-07</subfield>
    <subfield code="2">edtf</subfield>
  </datafield>
  <datafield tag="100" ind1="1" ind2=" ">
    <subfield code="a">Rasch, Wolfdietrich,</subfield>
    <subfield code="d">1903-1986</subfield>
  </datafield>
  <datafield tag="370" ind1=" " ind2=" ">
    <subfield code="a">Wrocław (Poland)</subfield>
    <subfield code="b">Merano (Italy)</subfield>
    <subfield code="c">Germany</subfield>
    <subfield code="2">naf</subfield>
  </datafield>
  <datafield tag="374" ind1=" " ind2=" ">
    <subfield code="a">Germanists</subfield>
    <subfield code="a">Literary historians</subfield>
    <subfield code="a">Translators</subfield>
    <subfield code="a">College teachers</subfield>
    <subfield code="2">lcsh</subfield>
  </datafield>
  <datafield tag="375" ind1=" " ind2=" ">
    <subfield code="a">Males</subfield>
    <subfield code="2">lcdgt</subfield>
  </datafield>
  <datafield tag="670" ind1=" " ind2=" ">
    <subfield code="a">Schlegel, F. Dichtungen und Aufsätze, c1984:</subfield>
    <subfield code="b">t.p. verso (Wolfdietrich Rasch)</subfield>
  </datafield>
  <datafield tag="670" ind1=" " ind2=" ">
    <subfield code="a">LC data base, 9-30-85</subfield>
    <subfield code="b">(hdg.: Rasch, Wolfdietrich, 1903-)</subfield>
  </datafield>
  <datafield tag="670" ind1=" " ind2=" ">
    <subfield code="a">Wikidata via Wikipedia, December 31, 2019</subfield>
    <subfield code="b">(alias: Wolfdietrich Rasch; instance of: human; Catalogus Professorum Halensis (P2005): raschwolfdietrich; sex or gender: male; VIAF identifier: 42210344; GND identifier: 116335521; NSDAP membership number (1925\u20131945) (P2298): 4085326; member of political party: Nazi Party; occupation: university teacher; FAST-ID: 160824; LCAuth identifier: n85174789; date of death: +1986-09-07T00:00:00Z; date of birth: +1903-04-20T00:00:00Z; place of death: Merano; NTA identifier (Netherlands): 068165161; SHARE Catalogue author ID (P3987): 154385; ISNI (P213): 0000000108921056; place of birth: Wrocław; given name: Wolfdietrich; NKC identifier: kup20030000081292; description/label: academisch docent, deutscher Germanist)</subfield>
    <subfield code="u">http://www.wikidata.org/entity/Q20734207</subfield>
  </datafield>
  <datafield tag="953" ind1=" " ind2=" ">
    <subfield code="a">ec06</subfield>
  </datafield>
</record>