
<record>
  <leader>00568cz  a2200169n  4500</leader>
  <controlfield tag="001">1545920</controlfield>
  <controlfield tag="003">DLC</controlfield>
  <controlfield tag="005">20200101073202.0</controlfield>
  <controlfield tag="008">860430n| azannaabn          |a aaa      </controlfield>
  <datafield tag="010" ind1=" " ind2=" ">
    <subfield code="a">n  85269129 </subfield>
  </datafield>
  <datafield tag="035" ind1=" " ind2=" ">
    <subfield code="a">(OCoLC)oca01578675</subfield>
  </datafield>
  <datafield tag="040" ind1=" " ind2=" ">
    <subfield code="a">DLC</subfield>
    <subfield code="b">eng</subfield>
    <subfield code="e">rda</subfield>
    <subfield code="c">DLC</subfield>
    <subfield code="d">DLC</subfield>
    <subfield code="d">OU</subfield>
  </datafield>
  <datafield tag="100" ind1="1" ind2=" ">
    <subfield code="a">Maurer, Wilhelm,</subfield>
    <subfield code="d">1900-1982.</subfield>
    <subfield code="t">Historischer Kommentar zur Confessio Augustana.</subfield>
    <subfield code="l">English</subfield>
  </datafield>
  <datafield tag="377" ind1=" " ind2=" ">
    <subfield code="a">eng</subfield>
  </datafield>
  <datafield tag="400" ind1="1" ind2=" ">
    <subfield code="a">Maurer, Wilhelm,</subfield>
    <subfield code="d">1900-1982.</subfield>
    <subfield code="t">Historical commentary on the Augsburg Confession</subfield>
  </datafield>
  <datafield tag="670" ind1=" " ind2=" ">
    <subfield code="a">His Historical commentary on the Augsburg Confession, c1986.</subfield>
  </datafield>
  <datafield tag="953" ind1=" " ind2=" ">
    <subfield code="a">bt10</subfield>
  </datafield>
</record>