
<record>
  <leader>00725cz  a2200217n  4500</leader>
  <controlfield tag="001">1576866</controlfield>
  <controlfield tag="003">DLC</controlfield>
  <controlfield tag="005">20200101073203.0</controlfield>
  <controlfield tag="008">860619n| azannaab|          |n aaa      </controlfield>
  <datafield tag="010" ind1=" " ind2=" ">
    <subfield code="a">n  86834869 </subfield>
  </datafield>
  <datafield tag="016" ind1=" " ind2=" ">
    <subfield code="a">0101B5530E</subfield>
  </datafield>
  <datafield tag="035" ind1=" " ind2=" ">
    <subfield code="a">(OCoLC)oca01622679</subfield>
  </datafield>
  <datafield tag="040" ind1=" " ind2=" ">
    <subfield code="a">DLC</subfield>
    <subfield code="b">eng</subfield>
    <subfield code="e">rda</subfield>
    <subfield code="c">DLC</subfield>
    <subfield code="d">CaOONL</subfield>
  </datafield>
  <datafield tag="042" ind1=" " ind2=" ">
    <subfield code="a">nlc</subfield>
  </datafield>
  <datafield tag="046" ind1=" " ind2=" ">
    <subfield code="f">1934</subfield>
    <subfield code="2">edtf</subfield>
  </datafield>
  <datafield tag="100" ind1="1" ind2=" ">
    <subfield code="a">Franklin, David R.,</subfield>
    <subfield code="d">1934-</subfield>
  </datafield>
  <datafield tag="377" ind1=" " ind2=" ">
    <subfield code="a">eng</subfield>
  </datafield>
  <datafield tag="670" ind1=" " ind2=" ">
    <subfield code="a">nuc86-39083: Franklin, M. Introduction to Quebec law, 1984</subfield>
    <subfield code="b">(hdg. on CaBVaU rept.: Franklin, David R., 1934- ; usage: David Franklin)</subfield>
  </datafield>
  <datafield tag="670" ind1=" " ind2=" ">
    <subfield code="a">LC data base, 6-19-86</subfield>
    <subfield code="b">(hdg.: Franklin, David R., 1934- ; usage: David R. Franklin)</subfield>
  </datafield>
  <datafield tag="670" ind1=" " ind2=" ">
    <subfield code="a">NLC, 1-29-86</subfield>
    <subfield code="b">(AACR 2: Franklin, David R., 1934-)</subfield>
  </datafield>
  <datafield tag="953" ind1=" " ind2=" ">
    <subfield code="a">na13</subfield>
  </datafield>
</record>