
<record>
  <leader>02029cz  a2200253n  4500</leader>
  <controlfield tag="001">1583865</controlfield>
  <controlfield tag="003">DLC</controlfield>
  <controlfield tag="005">20200101073154.0</controlfield>
  <controlfield tag="008">871015n| azannaabn          |a aaa      </controlfield>
  <datafield tag="010" ind1=" " ind2=" ">
    <subfield code="a">n  87135709 </subfield>
  </datafield>
  <datafield tag="035" ind1=" " ind2=" ">
    <subfield code="a">(OCoLC)oca01962362</subfield>
  </datafield>
  <datafield tag="040" ind1=" " ind2=" ">
    <subfield code="a">DLC</subfield>
    <subfield code="b">eng</subfield>
    <subfield code="e">rda</subfield>
    <subfield code="c">DLC</subfield>
    <subfield code="d">OU</subfield>
  </datafield>
  <datafield tag="046" ind1=" " ind2=" ">
    <subfield code="f">1906-11-23</subfield>
    <subfield code="g">1975-05-04</subfield>
    <subfield code="2">edtf</subfield>
  </datafield>
  <datafield tag="100" ind1="1" ind2=" ">
    <subfield code="a">Paetel, Karl O.</subfield>
    <subfield code="q">(Karl Otto),</subfield>
    <subfield code="d">1906-1975</subfield>
  </datafield>
  <datafield tag="370" ind1=" " ind2=" ">
    <subfield code="a">Berlin (Germany)</subfield>
    <subfield code="b">New York (N.Y.)</subfield>
    <subfield code="c">Germany</subfield>
    <subfield code="2">naf</subfield>
  </datafield>
  <datafield tag="374" ind1=" " ind2=" ">
    <subfield code="a">Journalists</subfield>
    <subfield code="a">Politicians</subfield>
    <subfield code="2">lcsh</subfield>
  </datafield>
  <datafield tag="375" ind1=" " ind2=" ">
    <subfield code="a">Males</subfield>
    <subfield code="2">lcdgt</subfield>
  </datafield>
  <datafield tag="378" ind1=" " ind2=" ">
    <subfield code="q">Karl Otto</subfield>
  </datafield>
  <datafield tag="400" ind1="1" ind2=" ">
    <subfield code="w">nnaa</subfield>
    <subfield code="a">Paetel, Karl Otto,</subfield>
    <subfield code="d">1906-</subfield>
  </datafield>
  <datafield tag="400" ind1="1" ind2=" ">
    <subfield code="a">Paetel, Karl Otto,</subfield>
    <subfield code="d">1906-1975</subfield>
  </datafield>
  <datafield tag="670" ind1=" " ind2=" ">
    <subfield code="a">nuc87-77843: His Reise ohne Uhrzeit, c1982</subfield>
    <subfield code="b">(hdg. on NN rept.: Paetel, Karl Otto, 1906- ; usage: Karl O. Paetel)</subfield>
  </datafield>
  <datafield tag="670" ind1=" " ind2=" ">
    <subfield code="a">LC data base, 10/15/87</subfield>
    <subfield code="b">(MLC hdg.: Paetel, Karl Otto, 1906- ; usage: Karl O. Paetel)</subfield>
  </datafield>
  <datafield tag="670" ind1=" " ind2=" ">
    <subfield code="a">Wikidata via Wikipedia, December 31, 2019</subfield>
    <subfield code="b">(alias: Karl Otto Paetel; LCAuth identifier: n87135709; VIAF identifier: 46914130; GND identifier: 118591150; ISNI (P213): 0000000116348325; place of birth: Berlin; place of death: New York City; country of citizenship: Germany; instance of: human; Freebase identifier: /m/0hqzpd5; BnF identifier: 13547273q, 13491248x; occupation: journalist, politician, resistance fighter; date of birth: +1906-11-23T00:00:00Z; date of death: +1975-05-04T00:00:00Z; given name: Karl; NTA identifier (Netherlands): 067889034; Munzinger IBA: 00000006901; work location: Lisbon; languages spoken or published: German; FAST-ID: 208787; Open Library identifier: OL4946888A; NLA identifier: 35688928; NUKAT authorities: n2010117444; SNAC Ark ID (P3430): w61n8xbc; The Black Book ID (P4248): 1035; SUDOC authorities: 066910749; sex or gender: male; description/label: deutscher Journalist und Publizist; Nationalbolschewist, ditsche Bolitiker, Duits journalist, Duitse politikus, düütsch Politiker, German political journalist, politicienne allemande, politico alemán, tysk politiker)</subfield>
    <subfield code="u">http://www.wikidata.org/entity/Q119392</subfield>
  </datafield>
  <datafield tag="953" ind1=" " ind2=" ">
    <subfield code="a">na20</subfield>
  </datafield>
</record>