
<record>
  <leader>00652cz  a2200181n  4500</leader>
  <controlfield tag="001">1677609</controlfield>
  <controlfield tag="003">DLC</controlfield>
  <controlfield tag="005">20200101073215.0</controlfield>
  <controlfield tag="008">910801n| azannaabn          |a aaa      </controlfield>
  <datafield tag="010" ind1=" " ind2=" ">
    <subfield code="a">n  91076459 </subfield>
  </datafield>
  <datafield tag="035" ind1=" " ind2=" ">
    <subfield code="a">(OCoLC)oca02993955</subfield>
  </datafield>
  <datafield tag="040" ind1=" " ind2=" ">
    <subfield code="a">DLC</subfield>
    <subfield code="b">eng</subfield>
    <subfield code="e">rda</subfield>
    <subfield code="c">DLC</subfield>
    <subfield code="d">InU</subfield>
    <subfield code="d">DLC</subfield>
    <subfield code="d">OCoLC</subfield>
  </datafield>
  <datafield tag="100" ind1="1" ind2=" ">
    <subfield code="a">Tegyey, Imre</subfield>
  </datafield>
  <datafield tag="400" ind1="1" ind2=" ">
    <subfield code="a">Tegyey, Emericus</subfield>
  </datafield>
  <datafield tag="670" ind1=" " ind2=" ">
    <subfield code="a">Györkösy, A. Ógörög-magyar szótár, 1990:</subfield>
    <subfield code="b">t.p. (Tegyey Imre)</subfield>
  </datafield>
  <datafield tag="670" ind1=" " ind2=" ">
    <subfield code="a">Országos Széchényi Könyvtár database, May 21, 2010</subfield>
    <subfield code="b">(hdg.: Tegyey Imre,  1930- )</subfield>
  </datafield>
  <datafield tag="670" ind1=" " ind2=" ">
    <subfield code="a">Convivium Pajorin Klára 70. születésnapjára, 2012:</subfield>
    <subfield code="b">verso t.p. (Emericus Tegyey)</subfield>
  </datafield>
  <datafield tag="953" ind1=" " ind2=" ">
    <subfield code="a">ec39</subfield>
    <subfield code="b">fc11</subfield>
  </datafield>
</record>