
<record>
  <leader>00376cz  a2200145n  4500</leader>
  <controlfield tag="001">1681457</controlfield>
  <controlfield tag="003">DLC</controlfield>
  <controlfield tag="005">20200101073216.0</controlfield>
  <controlfield tag="008">911122n| azannaabn          |n aaa      </controlfield>
  <datafield tag="010" ind1=" " ind2=" ">
    <subfield code="a">n  91119559 </subfield>
  </datafield>
  <datafield tag="035" ind1=" " ind2=" ">
    <subfield code="a">(OCoLC)oca03073417</subfield>
  </datafield>
  <datafield tag="040" ind1=" " ind2=" ">
    <subfield code="a">DLC</subfield>
    <subfield code="b">eng</subfield>
    <subfield code="e">rda</subfield>
    <subfield code="c">DLC</subfield>
    <subfield code="d">WaBeWWUM</subfield>
  </datafield>
  <datafield tag="100" ind1="1" ind2=" ">
    <subfield code="a">Rothery, W. G.</subfield>
  </datafield>
  <datafield tag="670" ind1=" " ind2=" ">
    <subfield code="a">Olthuis, K. Music calleth, c1990:</subfield>
    <subfield code="b">t.p. (W.G. Rothery)</subfield>
  </datafield>
  <datafield tag="953" ind1=" " ind2=" ">
    <subfield code="a">vk15</subfield>
  </datafield>
</record>