
<record>
  <leader>00517cz  a2200181n  4500</leader>
  <controlfield tag="001">1738832</controlfield>
  <controlfield tag="003">DLC</controlfield>
  <controlfield tag="005">20200101073214.0</controlfield>
  <controlfield tag="008">941006n| azannaabn          |a aaa      </controlfield>
  <datafield tag="010" ind1=" " ind2=" ">
    <subfield code="a">n  94096269 </subfield>
  </datafield>
  <datafield tag="035" ind1=" " ind2=" ">
    <subfield code="a">(OCoLC)oca03694651</subfield>
  </datafield>
  <datafield tag="040" ind1=" " ind2=" ">
    <subfield code="a">DLC</subfield>
    <subfield code="b">eng</subfield>
    <subfield code="e">rda</subfield>
    <subfield code="c">DLC</subfield>
    <subfield code="d">DLC</subfield>
    <subfield code="d">WaBeWWUM</subfield>
  </datafield>
  <datafield tag="100" ind1="1" ind2=" ">
    <subfield code="a">Bauer, Alfons</subfield>
  </datafield>
  <datafield tag="374" ind1=" " ind2=" ">
    <subfield code="a">String instrument players</subfield>
    <subfield code="2">lcsh</subfield>
  </datafield>
  <datafield tag="400" ind1="1" ind2=" ">
    <subfield code="a">Bauer, Alf</subfield>
  </datafield>
  <datafield tag="670" ind1=" " ind2=" ">
    <subfield code="a">Oompah zither!, 197-?:</subfield>
    <subfield code="b">label (Alfons Bauer)</subfield>
  </datafield>
  <datafield tag="670" ind1=" " ind2=" ">
    <subfield code="a">Ich geb&apos; &apos;ne Party heut&apos; Nacht, 1970</subfield>
    <subfield code="b">(Alf Bauer)</subfield>
  </datafield>
  <datafield tag="953" ind1=" " ind2=" ">
    <subfield code="a">vn32</subfield>
    <subfield code="b">vk07</subfield>
  </datafield>
</record>