
<record>
  <leader>00719cz  a2200193n  4500</leader>
  <controlfield tag="001">1746393</controlfield>
  <controlfield tag="003">DLC</controlfield>
  <controlfield tag="005">20200101073214.0</controlfield>
  <controlfield tag="008">950406n| azannaabn          |a aaa     c</controlfield>
  <datafield tag="010" ind1=" " ind2=" ">
    <subfield code="a">no 95016979 </subfield>
  </datafield>
  <datafield tag="035" ind1=" " ind2=" ">
    <subfield code="a">(OCoLC)oca03810261</subfield>
  </datafield>
  <datafield tag="040" ind1=" " ind2=" ">
    <subfield code="a">OCoLC</subfield>
    <subfield code="b">eng</subfield>
    <subfield code="e">rda</subfield>
    <subfield code="c">OCoLC</subfield>
    <subfield code="d">WaBeWWUM</subfield>
  </datafield>
  <datafield tag="100" ind1="1" ind2=" ">
    <subfield code="a">McEwen, Douglas R.</subfield>
    <subfield code="q">(Douglas Reeve)</subfield>
  </datafield>
  <datafield tag="378" ind1=" " ind2=" ">
    <subfield code="q">Douglas Reeve</subfield>
  </datafield>
  <datafield tag="400" ind1="1" ind2=" ">
    <subfield code="a">McEwen, Douglas Reeve</subfield>
  </datafield>
  <datafield tag="670" ind1=" " ind2=" ">
    <subfield code="a">OCLC 14171361: Durante, F. Glory to the father, c1983</subfield>
    <subfield code="b">(hdg.: McEwen, Douglas R.; usage: Douglas R. McEwen)</subfield>
  </datafield>
  <datafield tag="670" ind1=" " ind2=" ">
    <subfield code="a">OCLC, 4/6/95</subfield>
    <subfield code="b">(hdg.: McEwen, Douglas R.; McEwen, Douglas Reeve; McEwen, Douglas; usage: Douglas R. McEwen; Douglas Reeve McEwen; variant: Douglas McEwen)</subfield>
  </datafield>
  <datafield tag="953" ind1=" " ind2=" ">
    <subfield code="a">xx00</subfield>
  </datafield>
  <datafield tag="985" ind1=" " ind2=" ">
    <subfield code="c">OCLC</subfield>
    <subfield code="e">LSPC</subfield>
  </datafield>
</record>