
<record>
  <leader>00452cz  a2200157n  4500</leader>
  <controlfield tag="001">1811499</controlfield>
  <controlfield tag="003">DLC</controlfield>
  <controlfield tag="005">20200101073212.0</controlfield>
  <controlfield tag="008">970930n| azannaabn          |n aaa      </controlfield>
  <datafield tag="010" ind1=" " ind2=" ">
    <subfield code="a">n  97803079 </subfield>
  </datafield>
  <datafield tag="035" ind1=" " ind2=" ">
    <subfield code="a">(OCoLC)oca04462845</subfield>
  </datafield>
  <datafield tag="040" ind1=" " ind2=" ">
    <subfield code="a">DNLM</subfield>
    <subfield code="b">eng</subfield>
    <subfield code="c">DLC</subfield>
    <subfield code="e">rda</subfield>
    <subfield code="d">DNLM</subfield>
  </datafield>
  <datafield tag="100" ind1="1" ind2=" ">
    <subfield code="a">Gruner, Carl Ernst</subfield>
  </datafield>
  <datafield tag="670" ind1=" " ind2=" ">
    <subfield code="a">Homoeopathic pharmacopoeia, 1855:</subfield>
    <subfield code="b">t.p. (Carl Ernst Gruner)</subfield>
  </datafield>
  <datafield tag="670" ind1=" " ind2=" ">
    <subfield code="a">NLM files, Sept. 19, 1997</subfield>
    <subfield code="b">(hdg.: Gruner, Carl Ernst)</subfield>
  </datafield>
  <datafield tag="953" ind1=" " ind2=" ">
    <subfield code="a">yz00</subfield>
  </datafield>
</record>