
<record>
  <leader>00876cz  a2200241n  4500</leader>
  <controlfield tag="001">1826461</controlfield>
  <controlfield tag="003">DLC</controlfield>
  <controlfield tag="005">20200101073155.0</controlfield>
  <controlfield tag="008">980721n| azannaabn          |a aac     c</controlfield>
  <datafield tag="010" ind1=" " ind2=" ">
    <subfield code="a">nr 98027199 </subfield>
  </datafield>
  <datafield tag="035" ind1=" " ind2=" ">
    <subfield code="a">(OCoLC)oca04778391</subfield>
  </datafield>
  <datafield tag="040" ind1=" " ind2=" ">
    <subfield code="a">NjP</subfield>
    <subfield code="b">eng</subfield>
    <subfield code="e">rda</subfield>
    <subfield code="c">NjP</subfield>
    <subfield code="d">NjP</subfield>
  </datafield>
  <datafield tag="046" ind1=" " ind2=" ">
    <subfield code="f">1861</subfield>
    <subfield code="g">1915</subfield>
    <subfield code="2">edtf</subfield>
  </datafield>
  <datafield tag="100" ind1="0" ind2=" ">
    <subfield code="a">Süleyman Giryani</subfield>
  </datafield>
  <datafield tag="374" ind1=" " ind2=" ">
    <subfield code="a">Poets</subfield>
    <subfield code="2">lcsh</subfield>
  </datafield>
  <datafield tag="375" ind1=" " ind2=" ">
    <subfield code="a">Males</subfield>
    <subfield code="2">lcdgt</subfield>
  </datafield>
  <datafield tag="377" ind1=" " ind2=" ">
    <subfield code="a">ota</subfield>
  </datafield>
  <datafield tag="400" ind1="1" ind2=" ">
    <subfield code="a">Giryani, Süleyman</subfield>
  </datafield>
  <datafield tag="670" ind1=" " ind2=" ">
    <subfield code="a">Necmül-kulub, yahut, Gönüller yıldızı, 1949:</subfield>
    <subfield code="b">t.p. (Süleyman Giryani)</subfield>
  </datafield>
  <datafield tag="670" ind1=" " ind2=" ">
    <subfield code="a">Necmü&apos;l-kulûb, 2018:</subfield>
    <subfield code="b">t.p. (Süleyman Giryânî) page 29 (born H 1277 / M. 1861 in Kantepe (Ïmamoğlu) mahallesi, Divriği ilçesi, Sivas; died 1333 / 1915; poet)</subfield>
  </datafield>
  <datafield tag="675" ind1=" " ind2=" ">
    <subfield code="a">Büyük Lûgat ve ansik.;</subfield>
    <subfield code="a">Türk dili ve edeb. ansik.;</subfield>
    <subfield code="a">Türk ansik.;</subfield>
    <subfield code="a">Türk edeb. ansik.</subfield>
  </datafield>
  <datafield tag="953" ind1=" " ind2=" ">
    <subfield code="a">xx00</subfield>
  </datafield>
  <datafield tag="985" ind1=" " ind2=" ">
    <subfield code="c">RLG</subfield>
    <subfield code="e">LSPC</subfield>
  </datafield>
</record>