
<record>
  <leader>01136cz  a2200241n  4500</leader>
  <controlfield tag="001">1865809</controlfield>
  <controlfield tag="003">DLC</controlfield>
  <controlfield tag="005">20200101073141.0</controlfield>
  <controlfield tag="008">800522n| azannaabn          |n aaa      </controlfield>
  <datafield tag="010" ind1=" " ind2=" ">
    <subfield code="a">n  50011661 </subfield>
  </datafield>
  <datafield tag="035" ind1=" " ind2=" ">
    <subfield code="a">(OCoLC)oca00047156</subfield>
  </datafield>
  <datafield tag="040" ind1=" " ind2=" ">
    <subfield code="a">DLC</subfield>
    <subfield code="b">eng</subfield>
    <subfield code="e">rda</subfield>
    <subfield code="c">DLC</subfield>
    <subfield code="d">DLC</subfield>
    <subfield code="d">InU</subfield>
    <subfield code="d">OU</subfield>
  </datafield>
  <datafield tag="046" ind1=" " ind2=" ">
    <subfield code="f">1909-07-18</subfield>
    <subfield code="g">1992-10-18</subfield>
    <subfield code="2">edtf</subfield>
  </datafield>
  <datafield tag="100" ind1="1" ind2=" ">
    <subfield code="a">Treue, Wilhelm,</subfield>
    <subfield code="d">1909-1992</subfield>
  </datafield>
  <datafield tag="370" ind1=" " ind2=" ">
    <subfield code="a">Berlin (Germany)</subfield>
    <subfield code="b">Göttingen (Germany)</subfield>
    <subfield code="2">naf</subfield>
  </datafield>
  <datafield tag="374" ind1=" " ind2=" ">
    <subfield code="a">Historians</subfield>
    <subfield code="a">College teachers</subfield>
    <subfield code="a">Authors</subfield>
    <subfield code="a">Editors</subfield>
    <subfield code="a">Authors</subfield>
    <subfield code="2">lcsh</subfield>
  </datafield>
  <datafield tag="375" ind1=" " ind2=" ">
    <subfield code="a">Males</subfield>
    <subfield code="2">lcdgt</subfield>
  </datafield>
  <datafield tag="377" ind1=" " ind2=" ">
    <subfield code="a">ger</subfield>
  </datafield>
  <datafield tag="670" ind1=" " ind2=" ">
    <subfield code="a">His Die Eroberung der Erde ... 1939.</subfield>
  </datafield>
  <datafield tag="670" ind1=" " ind2=" ">
    <subfield code="a">Geschichtslandschaft Berlin, 1985-1994:</subfield>
    <subfield code="b">v. 5, t.p. (Wilhelm Treue; obit.)</subfield>
  </datafield>
  <datafield tag="670" ind1=" " ind2=" ">
    <subfield code="a">Wikipedia, 11 May 2017</subfield>
    <subfield code="b">(hdg.: Wilhelm Faithfulness; Wilhelm Trueu (born July 18, 1909 in Berlin, died 18 October 1992 in Göttingen); was a German economic and social historian; studied history and biology at the Friedrich Wilhelms University in Berlin; promoted to Dr. phil. (1932); worked as an editor; taughta at Göttingen, Würzburg and Oxford, as well as in South Africa and Hanover)</subfield>
  </datafield>
  <datafield tag="952" ind1=" " ind2=" ">
    <subfield code="a">RETRO</subfield>
  </datafield>
  <datafield tag="953" ind1=" " ind2=" ">
    <subfield code="a">xx00</subfield>
    <subfield code="b">ld20</subfield>
  </datafield>
</record>