
<record>
  <leader>00500cz  a2200169n  4500</leader>
  <controlfield tag="001">2129066</controlfield>
  <controlfield tag="003">DLC</controlfield>
  <controlfield tag="005">20200101073126.0</controlfield>
  <controlfield tag="008">901221n| azannaab|          |n aaa      </controlfield>
  <datafield tag="010" ind1=" " ind2=" ">
    <subfield code="a">n  90726371 </subfield>
  </datafield>
  <datafield tag="016" ind1=" " ind2=" ">
    <subfield code="a">0000G7440E</subfield>
  </datafield>
  <datafield tag="035" ind1=" " ind2=" ">
    <subfield code="a">(OCoLC)oca02869423</subfield>
  </datafield>
  <datafield tag="040" ind1=" " ind2=" ">
    <subfield code="a">DLC</subfield>
    <subfield code="b">eng</subfield>
    <subfield code="e">rda</subfield>
    <subfield code="c">DLC</subfield>
    <subfield code="d">CaOONL</subfield>
  </datafield>
  <datafield tag="100" ind1="1" ind2=" ">
    <subfield code="a">Thomas, M. D.</subfield>
  </datafield>
  <datafield tag="670" ind1=" " ind2=" ">
    <subfield code="a">Author&apos;s A review of geophysical investigations at the site of Chalk River ... 1988:</subfield>
    <subfield code="b">t.p. (M.D. Thomas)</subfield>
  </datafield>
  <datafield tag="700" ind1="1" ind2="6">
    <subfield code="a">Thomas, M. D</subfield>
    <subfield code="0">(CaOONL)ncf10003680</subfield>
  </datafield>
  <datafield tag="953" ind1=" " ind2=" ">
    <subfield code="a">fg04</subfield>
  </datafield>
</record>