
<record>
  <leader>02989cz  a2200301n  4500</leader>
  <controlfield tag="001">2225745</controlfield>
  <controlfield tag="003">DLC</controlfield>
  <controlfield tag="005">20200101073213.0</controlfield>
  <controlfield tag="008">950918n| acannaabn           n aaa      </controlfield>
  <datafield tag="010" ind1=" " ind2=" ">
    <subfield code="a">n  95092181 </subfield>
  </datafield>
  <datafield tag="035" ind1=" " ind2=" ">
    <subfield code="a">(OCoLC)oca03920905</subfield>
  </datafield>
  <datafield tag="040" ind1=" " ind2=" ">
    <subfield code="a">DLC</subfield>
    <subfield code="b">eng</subfield>
    <subfield code="c">DLC</subfield>
    <subfield code="d">DLC</subfield>
    <subfield code="d">NNYU-HJ</subfield>
  </datafield>
  <datafield tag="046" ind1=" " ind2=" ">
    <subfield code="f">1960-12-06</subfield>
    <subfield code="2">edtf</subfield>
  </datafield>
  <datafield tag="100" ind1="1" ind2=" ">
    <subfield code="a">Hayes, Christine Elizabeth</subfield>
  </datafield>
  <datafield tag="372" ind1=" " ind2=" ">
    <subfield code="a">Bible--Criticism, interpretation, etc.</subfield>
    <subfield code="a">Talmud--Study and teaching</subfield>
    <subfield code="a">Rabbinical literature</subfield>
    <subfield code="2">lcsh</subfield>
  </datafield>
  <datafield tag="373" ind1=" " ind2=" ">
    <subfield code="a">Harvard University</subfield>
    <subfield code="2">naf</subfield>
    <subfield code="t">1984</subfield>
  </datafield>
  <datafield tag="373" ind1=" " ind2=" ">
    <subfield code="a">University of California, Berkeley. Department of Near Eastern Studies</subfield>
    <subfield code="2">naf</subfield>
    <subfield code="t">1993</subfield>
  </datafield>
  <datafield tag="373" ind1=" " ind2=" ">
    <subfield code="a">Princeton University. Department of Near Eastern Studies</subfield>
    <subfield code="2">naf</subfield>
    <subfield code="s">1993</subfield>
    <subfield code="t">1996</subfield>
  </datafield>
  <datafield tag="373" ind1=" " ind2=" ">
    <subfield code="a">Yale University. Department of Religious Studies</subfield>
    <subfield code="2">naf</subfield>
    <subfield code="s">1996</subfield>
  </datafield>
  <datafield tag="375" ind1=" " ind2=" ">
    <subfield code="a">female</subfield>
  </datafield>
  <datafield tag="377" ind1=" " ind2=" ">
    <subfield code="a">eng</subfield>
  </datafield>
  <datafield tag="667" ind1=" " ind2=" ">
    <subfield code="a">Do not confuse with: Hayes, Christine. journalist.</subfield>
  </datafield>
  <datafield tag="670" ind1=" " ind2=" ">
    <subfield code="a">Are the Talmuds interchangeable, 1995:</subfield>
    <subfield code="b">CIP t.p. (Christine Hayes) introduction (Christine Elizabeth Hayes, author of Between the Babylonian and Palestinian Talmuds, a doctoral dissertation  at the University of California)</subfield>
  </datafield>
  <datafield tag="670" ind1=" " ind2=" ">
    <subfield code="a">Her Between the Babylonian and Palestinian Talmuds, 1996:</subfield>
    <subfield code="b">CIP t.p. (Christine Elizabeth Hayes)</subfield>
  </datafield>
  <datafield tag="670" ind1=" " ind2=" ">
    <subfield code="a">Introduction to the Bible, 2012:</subfield>
    <subfield code="b">CIP t.p. (Christine Hayes) data view (b. Dec. 6, 1960) galley ([author of] Gentile Impurities and Jewish Identities)</subfield>
  </datafield>
  <datafield tag="670" ind1=" " ind2=" ">
    <subfield code="a">Classic essays in early rabbinic culture and history, 2018:</subfield>
    <subfield code="b">page i (Christine Hayes is Robert F. and Patricia R. Weis Professor of Religious Studies in Classical Judaica, Yale University; author of What&apos;s divine about divine law? Early perspectives (2015).)</subfield>
  </datafield>
  <datafield tag="670" ind1=" " ind2=" ">
    <subfield code="a">Yale University website, viewed December 31, 2019</subfield>
    <subfield code="b">Religious Studies (Christine Hayes; B.A. summa cum laude Harvard University; M.A. and Ph.D. U.C. Berkeley. Before joining the Yale faculty in 1996, she was Assistant Professor of Hebrew Studies in the Department of Near Eastern Studies at Princeton University for three years.)</subfield>
    <subfield code="u">https://religiousstudies.yale.edu/people/christine-hayes Curriculum Vitae:(PAST EMPLOYMENT Princeton University, Assistant Professor of Hebrew Studies, 1993-1996, Yale University, Instructor, spring 1993;, UC Berkeley. Teaching Assistant and Instructor, 1989 and 1991 EDUCATION University of California, Berkeley, Ph.D., Spring, 1993. Talmudic and Judaic Studies (Dept. of Near Eastern Studies). Exchange student at Yale University, 1992, University of California, Berkeley, M.A., December, 1988. Awarded Distinction. Exchange student at the Hebrew University in Jerusalem, 1987-88; Harvard University, B.A., March, 1984. Study of Religion. Summa Cum Laude; editor of the Encyclopedia for the Bible and its reception; co-editor of Association for Jewish Studies Review; active in association for Jewish Studies. Author of an undergraduate course online entitled: Introduction to the Bible.)</subfield>
    <subfield code="u">https://religiousstudies.yale.edu/sites/default/files/hayes_cv_0.pdf.</subfield>
  </datafield>
  <datafield tag="953" ind1=" " ind2=" ">
    <subfield code="a">ye21</subfield>
    <subfield code="b">rc15</subfield>
  </datafield>
</record>