
<record>
  <leader>01613cz  a2200253n  4500</leader>
  <controlfield tag="001">2275280</controlfield>
  <controlfield tag="003">DLC</controlfield>
  <controlfield tag="005">20200101073212.0</controlfield>
  <controlfield tag="008">971104n| azannaabn          |n aaa      </controlfield>
  <datafield tag="010" ind1=" " ind2=" ">
    <subfield code="a">n  97111151 </subfield>
  </datafield>
  <datafield tag="035" ind1=" " ind2=" ">
    <subfield code="a">(OCoLC)oca04511711</subfield>
  </datafield>
  <datafield tag="040" ind1=" " ind2=" ">
    <subfield code="a">DLC</subfield>
    <subfield code="b">eng</subfield>
    <subfield code="e">rda</subfield>
    <subfield code="c">DLC</subfield>
    <subfield code="d">UOr</subfield>
    <subfield code="d">DLC</subfield>
    <subfield code="d">OCoLC</subfield>
  </datafield>
  <datafield tag="046" ind1=" " ind2=" ">
    <subfield code="f">1962-12-08</subfield>
    <subfield code="2">edtf</subfield>
  </datafield>
  <datafield tag="100" ind1="1" ind2=" ">
    <subfield code="a">Vickery, Amanda</subfield>
  </datafield>
  <datafield tag="370" ind1=" " ind2=" ">
    <subfield code="a">Preston (Lancashire, England)</subfield>
    <subfield code="e">London (England)</subfield>
    <subfield code="2">naf</subfield>
  </datafield>
  <datafield tag="372" ind1=" " ind2=" ">
    <subfield code="a">College teaching</subfield>
    <subfield code="a">Documentary television programs</subfield>
    <subfield code="a">Television authorship</subfield>
    <subfield code="a">Radio authorship</subfield>
    <subfield code="2">lcsh</subfield>
  </datafield>
  <datafield tag="373" ind1=" " ind2=" ">
    <subfield code="a">University of London. Queen Mary</subfield>
    <subfield code="a">Bedford College</subfield>
    <subfield code="a">Royal Holloway and Bedford New College</subfield>
    <subfield code="a">British Broadcasting Corporation. Television Service</subfield>
    <subfield code="a">BBC Radio</subfield>
    <subfield code="2">naf</subfield>
  </datafield>
  <datafield tag="374" ind1=" " ind2=" ">
    <subfield code="a">Historians</subfield>
    <subfield code="a">College teachers</subfield>
    <subfield code="a">Television writers</subfield>
    <subfield code="a">Radio writers</subfield>
    <subfield code="2">naf</subfield>
  </datafield>
  <datafield tag="375" ind1=" " ind2=" ">
    <subfield code="a">female</subfield>
  </datafield>
  <datafield tag="377" ind1=" " ind2=" ">
    <subfield code="a">eng</subfield>
  </datafield>
  <datafield tag="670" ind1=" " ind2=" ">
    <subfield code="a">The gentleman&apos;s daughter, 1998:</subfield>
    <subfield code="b">CIP t.p. (Amanda Vickery)</subfield>
  </datafield>
  <datafield tag="670" ind1=" " ind2=" ">
    <subfield code="a">The story of women in art, 2014:</subfield>
    <subfield code="b">credits (written and presented by Amanda Vickery)</subfield>
  </datafield>
  <datafield tag="670" ind1=" " ind2=" ">
    <subfield code="a">Wikipedia, February 26, 2015:</subfield>
    <subfield code="b">(Amanda Jane Vickery, born December 8, 1962, is a British historian, writer, radio and television presenter, and professor of early modern history at Queen Mary, University of London; born in Preston, Lancashire; graduated from the former Bedford College, London, now part of Royal Holloway, University of London; has held acadmic posts at Royal Holloway, University of London, and University of York; has presented programs for BBC Two, 2010-2015, as well as being a regular contributer to arts, history, and cultural review programs broadcast by BBC Radio)</subfield>
  </datafield>
  <datafield tag="953" ind1=" " ind2=" ">
    <subfield code="a">sc04</subfield>
  </datafield>
</record>