
<record>
  <leader>01667cz  a2200337n  4500</leader>
  <controlfield tag="001">2277204</controlfield>
  <controlfield tag="003">DLC</controlfield>
  <controlfield tag="005">20200101073211.0</controlfield>
  <controlfield tag="008">970917n| azannaab|           a ana     c</controlfield>
  <datafield tag="010" ind1=" " ind2=" ">
    <subfield code="a">n  97822081 </subfield>
    <subfield code="z">nr 95033378 </subfield>
  </datafield>
  <datafield tag="016" ind1=" " ind2=" ">
    <subfield code="a">1032H1511E</subfield>
  </datafield>
  <datafield tag="035" ind1=" " ind2=" ">
    <subfield code="a">(NN-PD)NN 300126908</subfield>
  </datafield>
  <datafield tag="035" ind1=" " ind2=" ">
    <subfield code="a">(OCoLC)oca04433953</subfield>
  </datafield>
  <datafield tag="040" ind1=" " ind2=" ">
    <subfield code="a">NN-PD</subfield>
    <subfield code="b">eng</subfield>
    <subfield code="e">rda</subfield>
    <subfield code="c">NN-PD</subfield>
    <subfield code="d">DLC</subfield>
    <subfield code="d">NIC</subfield>
    <subfield code="d">CaOONL</subfield>
  </datafield>
  <datafield tag="042" ind1=" " ind2=" ">
    <subfield code="a">nlc</subfield>
  </datafield>
  <datafield tag="046" ind1=" " ind2=" ">
    <subfield code="k">1841</subfield>
    <subfield code="2">edtf</subfield>
  </datafield>
  <datafield tag="130" ind1=" " ind2="0">
    <subfield code="a">Giselle (Choreographic work)</subfield>
  </datafield>
  <datafield tag="380" ind1=" " ind2=" ">
    <subfield code="a">Choreographic work</subfield>
  </datafield>
  <datafield tag="380" ind1=" " ind2=" ">
    <subfield code="a">Ballets (performance events)</subfield>
    <subfield code="2">aat</subfield>
  </datafield>
  <datafield tag="430" ind1=" " ind2="0">
    <subfield code="a">Wilis (Choreographic work)</subfield>
  </datafield>
  <datafield tag="430" ind1=" " ind2="0">
    <subfield code="a">Willys (Choreographic work)</subfield>
  </datafield>
  <datafield tag="430" ind1=" " ind2="0">
    <subfield code="a">Zizele (Choreographic work)</subfield>
  </datafield>
  <datafield tag="430" ind1=" " ind2="0">
    <subfield code="a">Gisella (Choreographic work)</subfield>
  </datafield>
  <datafield tag="500" ind1="1" ind2=" ">
    <subfield code="w">r</subfield>
    <subfield code="i">Choreographer:</subfield>
    <subfield code="a">Coralli, Jean,</subfield>
    <subfield code="d">1779-1854</subfield>
    <subfield code="0">(DLC)n  93053975</subfield>
  </datafield>
  <datafield tag="500" ind1="1" ind2=" ">
    <subfield code="w">r</subfield>
    <subfield code="i">Choreographer:</subfield>
    <subfield code="a">Perrot, Jules,</subfield>
    <subfield code="d">1810-1892</subfield>
    <subfield code="0">(DLC)n  84144881</subfield>
  </datafield>
  <datafield tag="667" ind1=" " ind2=" ">
    <subfield code="a">Data contributed by the Dance Heritage Coalition for the New York Public Library Dance Collection.</subfield>
  </datafield>
  <datafield tag="670" ind1=" " ind2=" ">
    <subfield code="a">NYPL Dict. Cat. of the Dance Coll., 1974-</subfield>
  </datafield>
  <datafield tag="670" ind1=" " ind2=" ">
    <subfield code="a">The creation of iGiselle, 2019:</subfield>
    <subfield code="b">publisher&apos;s summary (Scholars in the fields of literature, music, design, and computer science collaborated to modernize the 1841 ballet Giselle)</subfield>
  </datafield>
  <datafield tag="670" ind1=" " ind2=" ">
    <subfield code="a">Wikipedia, viewed December 31, 2019</subfield>
    <subfield code="b">(Gisells; romantic ballet in two acts, considered a masterwork in the classical ballet performance canon; choreographers, Jean Coralli and Jules Perrot; first performed by the Ballet du Théâtre de l&apos;Académie Royale de Musique at the Salle Le Peletier in Paris, France on 28 June 1841, with Italian ballerina Carlotta Grisi as Giselle)</subfield>
  </datafield>
  <datafield tag="953" ind1=" " ind2=" ">
    <subfield code="a">xx00</subfield>
  </datafield>
  <datafield tag="985" ind1=" " ind2=" ">
    <subfield code="a">DHC</subfield>
    <subfield code="c">BNA</subfield>
    <subfield code="e">TCUB</subfield>
  </datafield>
</record>