
<record>
  <leader>03102cz  a2200289n  4500</leader>
  <controlfield tag="001">2330611</controlfield>
  <controlfield tag="003">DLC</controlfield>
  <controlfield tag="005">20200101073141.0</controlfield>
  <controlfield tag="008">800331n| azannaabn          |a aaa      </controlfield>
  <datafield tag="010" ind1=" " ind2=" ">
    <subfield code="a">n  50004687 </subfield>
  </datafield>
  <datafield tag="035" ind1=" " ind2=" ">
    <subfield code="a">(OCoLC)oca00040268</subfield>
  </datafield>
  <datafield tag="040" ind1=" " ind2=" ">
    <subfield code="a">DLC</subfield>
    <subfield code="b">eng</subfield>
    <subfield code="e">rda</subfield>
    <subfield code="c">DLC</subfield>
    <subfield code="d">MiU</subfield>
    <subfield code="d">DJBF</subfield>
    <subfield code="d">OU</subfield>
  </datafield>
  <datafield tag="046" ind1=" " ind2=" ">
    <subfield code="f">1903-09-29</subfield>
    <subfield code="g">1991-11-07</subfield>
    <subfield code="2">edtf</subfield>
  </datafield>
  <datafield tag="100" ind1="1" ind2=" ">
    <subfield code="a">Schmölders, Günter,</subfield>
    <subfield code="d">1903-1991</subfield>
  </datafield>
  <datafield tag="370" ind1=" " ind2=" ">
    <subfield code="a">Berlin (Germany)</subfield>
    <subfield code="b">Munich (Germany)</subfield>
    <subfield code="2">naf</subfield>
  </datafield>
  <datafield tag="374" ind1=" " ind2=" ">
    <subfield code="a">Economists</subfield>
    <subfield code="a">College teachers</subfield>
    <subfield code="2">lcsh</subfield>
  </datafield>
  <datafield tag="375" ind1=" " ind2=" ">
    <subfield code="a">Males</subfield>
    <subfield code="2">lcdgt</subfield>
  </datafield>
  <datafield tag="378" ind1=" " ind2=" ">
    <subfield code="q">Franz Hermann Günter</subfield>
  </datafield>
  <datafield tag="400" ind1="1" ind2=" ">
    <subfield code="a">Schmölders, Franz Hermann Günter,</subfield>
    <subfield code="d">1903-1991</subfield>
  </datafield>
  <datafield tag="400" ind1="1" ind2=" ">
    <subfield code="a">Schmölders. G.</subfield>
    <subfield code="q">(Günter),</subfield>
    <subfield code="d">1903-1991</subfield>
  </datafield>
  <datafield tag="400" ind1="1" ind2=" ">
    <subfield code="a">Schmölders, Günther,</subfield>
    <subfield code="d">1903-1991</subfield>
  </datafield>
  <datafield tag="670" ind1=" " ind2=" ">
    <subfield code="a">His Prohibition im Norden ... 1926.</subfield>
  </datafield>
  <datafield tag="670" ind1=" " ind2=" ">
    <subfield code="a">Kirsch, G.  Akademische Gedenkfeier der Wirtschafts- und Sozialwissenschaftlichen Fakultät der Universität zu Köln für Prof. Dr. Dres.h.c. Günter Schmölders (1903-1991), 1992:</subfield>
    <subfield code="b">cover (Gedenkrede auf Günther Schmölders (1903-1991))</subfield>
  </datafield>
  <datafield tag="670" ind1=" " ind2=" ">
    <subfield code="a">Währungspolitik in der europäischen Integration, 1964:</subfield>
    <subfield code="b">t.p. (G. Schmölders)</subfield>
  </datafield>
  <datafield tag="670" ind1=" " ind2=" ">
    <subfield code="a">Wikidata via Wikipedia, December 31, 2019</subfield>
    <subfield code="b">(alias: Gunter Schmolders; sex or gender: male; LCAuth identifier: n50004687; VIAF identifier: 108466333, 316408358; GND identifier: 118609351; place of birth: Berlin; place of death: Munich; country of citizenship: Germany; instance of: human; member of political party: Nazi Party; CANTIC: a10980593; date of birth: +1903-09-29T00:00:00Z; date of death: +1991-11-07T00:00:00Z; award received: Knight Commander&apos;s Cross of the Order of Merit of the Federal Republic of Germany, Bavarian Maximilian Order for Science and Art, doctor honoris causa of the University of Innsbruck, Commander&apos;s Cross of the Order of Merit of the Federal Republic of Germany; occupation: economist, university teacher; given name: Günter; member of: Academy of Sciences and Literature Mainz; NTA identifier (Netherlands): 069004455; Munzinger IBA: 00000005673; academic degree: doctorate; languages spoken or published: German; PM20 folder ID (P4293): pe/015730; NDL identifier: 00455657; BIBSYS identifier: 8032159; BAV (Vatican Library) identifier: ADV12010877, ADV12195167, ADV12195168; NUKAT authorities: n2010101494; LNB identifier: 000103186; employer: University of Cologne, University of Wrocław; ISNI (P213): 0000000109313757; FAST-ID: 1174; CONOR identifier: 37942371; SUDOC authorities: 028649362; BnF identifier: 120441297; SHARE Catalogue author ID (P3987): 375991; NKC identifier: ola2003186285; NLA identifier: 35481468; NLI (Israel) identifier: 000118162; CiNii author identifier: DA00687061; People Australia identifier: 968725; description/label: deutscher Wirtschaftswissenschaftler, Duits econoom , eacnamaí Gearmánach, economist german, economista alemán, economista alemany, économiste allemand, ekonomist gjerman, German economist, professor académico alemão, Saksamaa majandusteadlane, tysk professor, כלכלן גרמני)</subfield>
    <subfield code="u">http://www.wikidata.org/entity/Q1561015</subfield>
  </datafield>
  <datafield tag="952" ind1=" " ind2=" ">
    <subfield code="a">RETRO</subfield>
  </datafield>
  <datafield tag="953" ind1=" " ind2=" ">
    <subfield code="a">xx00</subfield>
  </datafield>
</record>