
<record>
  <leader>01696cz  a2200421n  4500</leader>
  <controlfield tag="001">2332670</controlfield>
  <controlfield tag="003">DLC</controlfield>
  <controlfield tag="005">20200101073142.0</controlfield>
  <controlfield tag="008">800609n| azannaabn          |b aaa      </controlfield>
  <datafield tag="010" ind1=" " ind2=" ">
    <subfield code="a">n  50025657 </subfield>
  </datafield>
  <datafield tag="035" ind1=" " ind2=" ">
    <subfield code="a">(OCoLC)oca00061055</subfield>
  </datafield>
  <datafield tag="040" ind1=" " ind2=" ">
    <subfield code="a">DLC</subfield>
    <subfield code="b">eng</subfield>
    <subfield code="e">rda</subfield>
    <subfield code="c">DLC</subfield>
    <subfield code="d">DLC</subfield>
    <subfield code="d">NjP</subfield>
    <subfield code="d">CSt-HC</subfield>
    <subfield code="d">CSt</subfield>
    <subfield code="d">OCoLC</subfield>
    <subfield code="d">ICU</subfield>
    <subfield code="d">DLC</subfield>
    <subfield code="d">ICU</subfield>
  </datafield>
  <datafield tag="046" ind1=" " ind2=" ">
    <subfield code="f">1813-03-18</subfield>
    <subfield code="g">1863-12-13</subfield>
    <subfield code="2">edtf</subfield>
  </datafield>
  <datafield tag="053" ind1=" " ind2="0">
    <subfield code="a">PT2295</subfield>
    <subfield code="b">PT2296</subfield>
  </datafield>
  <datafield tag="100" ind1="1" ind2=" ">
    <subfield code="a">Hebbel, Friedrich,</subfield>
    <subfield code="d">1813-1863</subfield>
  </datafield>
  <datafield tag="370" ind1=" " ind2=" ">
    <subfield code="a">Wesselburen (Germany)</subfield>
    <subfield code="b">Vienna (Austria)</subfield>
    <subfield code="2">naf</subfield>
  </datafield>
  <datafield tag="374" ind1=" " ind2=" ">
    <subfield code="a">Dramatists</subfield>
    <subfield code="a">Poets</subfield>
    <subfield code="2">lcsh</subfield>
  </datafield>
  <datafield tag="375" ind1=" " ind2=" ">
    <subfield code="a">Males</subfield>
    <subfield code="2">lcdgt</subfield>
  </datafield>
  <datafield tag="377" ind1=" " ind2=" ">
    <subfield code="a">ger</subfield>
  </datafield>
  <datafield tag="400" ind1="1" ind2=" ">
    <subfield code="a">Hebbel, C. F.</subfield>
    <subfield code="q">(Christian Friedrich),</subfield>
    <subfield code="d">1813-1863</subfield>
  </datafield>
  <datafield tag="400" ind1="1" ind2=" ">
    <subfield code="a">Hebbel, Christian Friedrich,</subfield>
    <subfield code="d">1813-1863</subfield>
  </datafield>
  <datafield tag="400" ind1="1" ind2=" ">
    <subfield code="a">Hebbel, F.</subfield>
    <subfield code="q">(Friedrich),</subfield>
    <subfield code="d">1813-1863</subfield>
  </datafield>
  <datafield tag="400" ind1="1" ind2=" ">
    <subfield code="a">Hebbel, Fridrikh,</subfield>
    <subfield code="d">1813-1863</subfield>
  </datafield>
  <datafield tag="400" ind1="1" ind2=" ">
    <subfield code="a">Gebbelʹ, Fridrikh,</subfield>
    <subfield code="d">1813-1863</subfield>
  </datafield>
  <datafield tag="400" ind1="1" ind2=" ">
    <subfield code="a">Hebbel, Fryderyk Chrystian,</subfield>
    <subfield code="d">1813-1863</subfield>
  </datafield>
  <datafield tag="400" ind1="1" ind2=" ">
    <subfield code="a">הבל, פרידריך,</subfield>
    <subfield code="d">1813־1863</subfield>
  </datafield>
  <datafield tag="400" ind1="1" ind2=" ">
    <subfield code="a">העבבעל, פרידירך</subfield>
  </datafield>
  <datafield tag="400" ind1="1" ind2=" ">
    <subfield code="a">העבבעל, פרידירך,</subfield>
    <subfield code="d">1863־1813</subfield>
  </datafield>
  <datafield tag="400" ind1="1" ind2=" ">
    <subfield code="a">העבעל, פרידריך,</subfield>
    <subfield code="d">1813־1863</subfield>
  </datafield>
  <datafield tag="667" ind1=" " ind2=" ">
    <subfield code="a">Machine-derived non-Latin script reference project.</subfield>
  </datafield>
  <datafield tag="667" ind1=" " ind2=" ">
    <subfield code="a">Non-Latin script references not evaluated.</subfield>
  </datafield>
  <datafield tag="670" ind1=" " ind2=" ">
    <subfield code="a">Stephan, R. Liebeszauber [SR] p1984:</subfield>
    <subfield code="b">label (F. Hebbel)</subfield>
  </datafield>
  <datafield tag="670" ind1=" " ind2=" ">
    <subfield code="a">Friedrich Hebbel, 1965:</subfield>
    <subfield code="b">p. 7 (b. 3-18-1813 in Wesselburen in Norderdithmarsch) p. 88, etc. (d. 12-13-1863 in Vienna; playwright)</subfield>
  </datafield>
  <datafield tag="670" ind1=" " ind2=" ">
    <subfield code="a">Yudes̀, 1914:</subfield>
    <subfield code="b">t.p. (Fridrikh Hebbel)</subfield>
  </datafield>
  <datafield tag="670" ind1=" " ind2=" ">
    <subfield code="a">I︠U︡difʹ, 2003:</subfield>
    <subfield code="b">t.p. (Fridrikh Gebbelʹ)</subfield>
  </datafield>
  <datafield tag="670" ind1=" " ind2=" ">
    <subfield code="a">Dzienniki, 1958:</subfield>
    <subfield code="b">title page (Fryderyk Chrystian Hebbel; poet and dramatist)</subfield>
  </datafield>
  <datafield tag="952" ind1=" " ind2=" ">
    <subfield code="a">RETRO</subfield>
  </datafield>
  <datafield tag="953" ind1=" " ind2=" ">
    <subfield code="a">xx00</subfield>
    <subfield code="b">vk07</subfield>
  </datafield>
</record>