
<record>
  <leader>01761cz  a2200217n  4500</leader>
  <controlfield tag="001">2387159</controlfield>
  <controlfield tag="003">DLC</controlfield>
  <controlfield tag="005">20200101073325.0</controlfield>
  <controlfield tag="008">811023n| azannaabn          |n aaa      </controlfield>
  <datafield tag="010" ind1=" " ind2=" ">
    <subfield code="a">n  81071857 </subfield>
  </datafield>
  <datafield tag="035" ind1=" " ind2=" ">
    <subfield code="a">(OCoLC)oca00617165</subfield>
  </datafield>
  <datafield tag="040" ind1=" " ind2=" ">
    <subfield code="a">DLC</subfield>
    <subfield code="b">eng</subfield>
    <subfield code="e">rda</subfield>
    <subfield code="c">DLC</subfield>
    <subfield code="d">OU</subfield>
  </datafield>
  <datafield tag="046" ind1=" " ind2=" ">
    <subfield code="f">1906-04-09</subfield>
    <subfield code="g">1985-04-16</subfield>
    <subfield code="2">edtf</subfield>
  </datafield>
  <datafield tag="100" ind1="1" ind2=" ">
    <subfield code="a">Pittioni, Richard,</subfield>
    <subfield code="d">1906-1985</subfield>
  </datafield>
  <datafield tag="370" ind1=" " ind2=" ">
    <subfield code="a">Vienna (Austria)</subfield>
    <subfield code="b">Vienna (Austria)</subfield>
    <subfield code="2">naf</subfield>
  </datafield>
  <datafield tag="374" ind1=" " ind2=" ">
    <subfield code="a">Archaeologists</subfield>
    <subfield code="a">Prehistorians</subfield>
    <subfield code="a">College teachers</subfield>
    <subfield code="2">lcsh</subfield>
  </datafield>
  <datafield tag="375" ind1=" " ind2=" ">
    <subfield code="a">Males</subfield>
    <subfield code="2">lcdgt</subfield>
  </datafield>
  <datafield tag="670" ind1=" " ind2=" ">
    <subfield code="a">His Bibliographie zur Urgeschichte Österreichs, 1931.</subfield>
  </datafield>
  <datafield tag="670" ind1=" " ind2=" ">
    <subfield code="a">Wikidata via Wikipedia, December 31, 2019</subfield>
    <subfield code="b">(alias: Pittioni, Richard Pittioni; sex or gender: male; LCAuth identifier: n81071857; VIAF identifier: 112939262; GND identifier: 118594699; place of birth: Vienna; place of death: Vienna; country of citizenship: Austria; instance of: human; date of birth: +1906-04-09T00:00:00Z; date of death: +1985-04-16T00:00:00Z; employer: University of Vienna; occupation: archaeologist, prehistorian, university teacher; member of: Austrian Academy of Sciences; given name: Richard; NTA identifier (Netherlands): 073135992; Filmportal ID (P2639): c00e28e6571f40c285442e022d4a0199; FAST-ID: 74989; award received: Wilhelm Hartel prize, Preis der Stadt Wien für Geisteswissenschaften; SHARE Catalogue author ID (P3987): 206434; ISNI (P213): 0000000109368731; languages spoken or published: German; SUDOC authorities: 028505484; BnF identifier: 120328164; NKC identifier: ola20050902003; ArhivX LOD (P5821): 14971; description/label: archeoloog uit Oostenrijk , Austrian archaeologist and prehistorian, österreichischer Prähistoriker, seandálaí Ostarach)</subfield>
    <subfield code="u">http://www.wikidata.org/entity/Q2150385</subfield>
  </datafield>
  <datafield tag="952" ind1=" " ind2=" ">
    <subfield code="a">RETRO</subfield>
  </datafield>
  <datafield tag="953" ind1=" " ind2=" ">
    <subfield code="a">xx00</subfield>
  </datafield>
</record>