
<record>
  <leader>02043cz  a2200229n  4500</leader>
  <controlfield tag="001">2407620</controlfield>
  <controlfield tag="003">DLC</controlfield>
  <controlfield tag="005">20200101073325.0</controlfield>
  <controlfield tag="008">821207n| azannaabn          |a aaa      </controlfield>
  <datafield tag="010" ind1=" " ind2=" ">
    <subfield code="a">n  82127987 </subfield>
  </datafield>
  <datafield tag="035" ind1=" " ind2=" ">
    <subfield code="a">(OCoLC)oca00824284</subfield>
  </datafield>
  <datafield tag="040" ind1=" " ind2=" ">
    <subfield code="a">DLC</subfield>
    <subfield code="b">eng</subfield>
    <subfield code="e">rda</subfield>
    <subfield code="c">DLC</subfield>
    <subfield code="d">OU</subfield>
  </datafield>
  <datafield tag="046" ind1=" " ind2=" ">
    <subfield code="f">1903-03-03</subfield>
    <subfield code="g">1992-01-03</subfield>
    <subfield code="2">edtf</subfield>
  </datafield>
  <datafield tag="100" ind1="1" ind2=" ">
    <subfield code="a">Loewenich, Walther von,</subfield>
    <subfield code="d">1903-1992</subfield>
  </datafield>
  <datafield tag="370" ind1=" " ind2=" ">
    <subfield code="a">Nuremberg (Germany)</subfield>
    <subfield code="2">naf</subfield>
  </datafield>
  <datafield tag="374" ind1=" " ind2=" ">
    <subfield code="a">Church historians</subfield>
    <subfield code="a">Theologians</subfield>
    <subfield code="a">College teachers</subfield>
    <subfield code="2">lcsh</subfield>
  </datafield>
  <datafield tag="375" ind1=" " ind2=" ">
    <subfield code="a">Males</subfield>
    <subfield code="2">lcdgt</subfield>
  </datafield>
  <datafield tag="400" ind1="1" ind2=" ">
    <subfield code="a">Von Loewenich, Walther,</subfield>
    <subfield code="d">1903-1992</subfield>
  </datafield>
  <datafield tag="670" ind1=" " ind2=" ">
    <subfield code="a">His Das Johannes-Verständnis im zweiten Jahrhundert, 1932.</subfield>
  </datafield>
  <datafield tag="670" ind1=" " ind2=" ">
    <subfield code="a">Wikidata via Wikipedia, December 31, 2019</subfield>
    <subfield code="b">(alias: Walther Loewenich, Walther von Loewenich; LCAuth identifier: n82127987; GND identifier: 118573985; country of citizenship: Germany; VIAF identifier: 109153877; award received: Bavarian Order of Merit, Officer&apos;s Cross of the Order of Merit of the Federal Republic of Germany; place of birth: Nuremberg; instance of: human; date of birth: +1903-03-03T00:00:00Z; date of death: +1992-01-03T00:00:00Z; CANTIC: a1043415x; employer: University of Erlangen-Nuremberg; occupation: church historian, theologian, university teacher; given name: Walther; member of: Bavarian Academy of Sciences and Humanities; NTA identifier (Netherlands): 068551894; People Australia identifier: 1037998; languages spoken or published: German; ISNI (P213): 0000000081742807; SHARE Catalogue author ID (P3987): 205555; FAST-ID: 99356; Angelicum author ID (P5731): 53643; SUDOC authorities: 076887960; sex or gender: male; National Library of Korea Identifier (P5034): KAC201011731; Brockhaus Enzyklop\u00e4die online ID (P5019): loewenich-walther-von; PUSC author ID (P5739): 47526; description/label: Duits kerkhistoricus , evangelisch-lutherischer Kirchenhistoriker, German church historian and theologian, professor académico alemão, staraí na hEaglaise agus diagaire Gearmánach, tysk professor)</subfield>
    <subfield code="u">http://www.wikidata.org/entity/Q2547531</subfield>
  </datafield>
  <datafield tag="952" ind1=" " ind2=" ">
    <subfield code="a">RETRO</subfield>
  </datafield>
  <datafield tag="953" ind1=" " ind2=" ">
    <subfield code="a">xx00</subfield>
  </datafield>
</record>