
<record>
  <leader>00985cz  a2200229n  4500</leader>
  <controlfield tag="001">2437259</controlfield>
  <controlfield tag="003">DLC</controlfield>
  <controlfield tag="005">20200101073204.0</controlfield>
  <controlfield tag="008">840719n| azannaabn          |a aaa      </controlfield>
  <datafield tag="010" ind1=" " ind2=" ">
    <subfield code="a">n  84036337 </subfield>
  </datafield>
  <datafield tag="016" ind1=" " ind2=" ">
    <subfield code="a">0102L9509E</subfield>
  </datafield>
  <datafield tag="035" ind1=" " ind2=" ">
    <subfield code="a">(OCoLC)oca01144689</subfield>
  </datafield>
  <datafield tag="040" ind1=" " ind2=" ">
    <subfield code="a">DLC</subfield>
    <subfield code="b">eng</subfield>
    <subfield code="e">rda</subfield>
    <subfield code="c">DLC</subfield>
    <subfield code="d">DLC</subfield>
    <subfield code="d">InIU-L</subfield>
    <subfield code="d">DLC</subfield>
    <subfield code="d">CaOONL</subfield>
  </datafield>
  <datafield tag="042" ind1=" " ind2=" ">
    <subfield code="a">nlc</subfield>
  </datafield>
  <datafield tag="100" ind1="1" ind2=" ">
    <subfield code="a">Harvey, Cameron,</subfield>
    <subfield code="d">1939-</subfield>
  </datafield>
  <datafield tag="400" ind1="1" ind2=" ">
    <subfield code="a">Harvey, D. A. Cameron</subfield>
    <subfield code="q">(Douglas Alan Cameron),</subfield>
    <subfield code="d">1939-</subfield>
  </datafield>
  <datafield tag="400" ind1="1" ind2=" ">
    <subfield code="a">Harvey, Douglas Alan Cameron,</subfield>
    <subfield code="d">1939-</subfield>
  </datafield>
  <datafield tag="670" ind1=" " ind2=" ">
    <subfield code="a">Freedman, S. Chief Justice Samuel Freedman, c1983:</subfield>
    <subfield code="b">t.p. (Cameron Harvey) jkt. (Faculty, Law, Univ. Manitoba)</subfield>
  </datafield>
  <datafield tag="670" ind1=" " ind2=" ">
    <subfield code="a">NLC 2-3-84</subfield>
    <subfield code="b">(AACR 2: Harvey, Cameron, 1939- ; full name: Harvey, Douglas Alan Cameron)</subfield>
  </datafield>
  <datafield tag="670" ind1=" " ind2=" ">
    <subfield code="a">The law of habeas corpus in Canada, 1974:</subfield>
    <subfield code="b">t.p. (D.A. Cameron Harvey)</subfield>
  </datafield>
  <datafield tag="670" ind1=" " ind2=" ">
    <subfield code="a">The evidence room, 2015:</subfield>
    <subfield code="b">ECIP t.p. (Cameroon Harvey) data view (1st novel; grad. of Stanford Univ., and UCLA Law School; resides in southern California)</subfield>
  </datafield>
  <datafield tag="953" ind1=" " ind2=" ">
    <subfield code="a">ea09</subfield>
  </datafield>
</record>