
<record>
  <leader>01738cz  a2200229n  4500</leader>
  <controlfield tag="001">2448255</controlfield>
  <controlfield tag="003">DLC</controlfield>
  <controlfield tag="005">20200101073205.0</controlfield>
  <controlfield tag="008">841019n| azannaabn          |n aaa      </controlfield>
  <datafield tag="010" ind1=" " ind2=" ">
    <subfield code="a">n  84188587 </subfield>
    <subfield code="z">n  80159176 </subfield>
  </datafield>
  <datafield tag="035" ind1=" " ind2=" ">
    <subfield code="a">(OCoLC)oca01217279</subfield>
  </datafield>
  <datafield tag="040" ind1=" " ind2=" ">
    <subfield code="a">DLC</subfield>
    <subfield code="b">eng</subfield>
    <subfield code="e">rda</subfield>
    <subfield code="c">DLC</subfield>
    <subfield code="d">DLC</subfield>
    <subfield code="d">OU</subfield>
  </datafield>
  <datafield tag="046" ind1=" " ind2=" ">
    <subfield code="f">1907-07-25</subfield>
    <subfield code="g">1999-10-12</subfield>
    <subfield code="2">edtf</subfield>
  </datafield>
  <datafield tag="100" ind1="1" ind2=" ">
    <subfield code="a">Schaefer, Alfred,</subfield>
    <subfield code="d">1907-1999</subfield>
  </datafield>
  <datafield tag="370" ind1=" " ind2=" ">
    <subfield code="a">Roździeń (Poland)</subfield>
  </datafield>
  <datafield tag="370" ind1=" " ind2=" ">
    <subfield code="b">Berlin (Germany)</subfield>
    <subfield code="c">Germany</subfield>
    <subfield code="2">naf</subfield>
  </datafield>
  <datafield tag="374" ind1=" " ind2=" ">
    <subfield code="a">Authors</subfield>
    <subfield code="2">lcsh</subfield>
  </datafield>
  <datafield tag="375" ind1=" " ind2=" ">
    <subfield code="a">Males</subfield>
    <subfield code="2">lcdgt</subfield>
  </datafield>
  <datafield tag="670" ind1=" " ind2=" ">
    <subfield code="a">His Das Dogma, Wegbereiter der Diktatur, c1984:</subfield>
    <subfield code="b">t.p. (Alfred Schaefer) p. 137 (Dr. phil.; b. 1907)</subfield>
  </datafield>
  <datafield tag="670" ind1=" " ind2=" ">
    <subfield code="a">LC data base, 10-15-84</subfield>
    <subfield code="b">(hdg.: Schaefer, Alfred, 1907-)</subfield>
  </datafield>
  <datafield tag="670" ind1=" " ind2=" ">
    <subfield code="a">Wikidata via Wikipedia, December 31, 2019</subfield>
    <subfield code="b">(alias: Alfred Schaefer; sex or gender: male; LCAuth identifier: n84188587; VIAF identifier: 108746532; GND identifier: 11544890X; ISNI (P213): 0000000084061513; place of birth: Roździeń; instance of: human; member of political party: Communist Party of Germany; date of birth: +1907-07-25T00:00:00Z; date of death: +1999-10-12T00:00:00Z; given name: Alfred; occupation: author, writer; NTA identifier (Netherlands): 068516371; country of citizenship: Germany; BIBSYS identifier: 97029853; LNB identifier: 000001763; languages spoken or published: German; BNE identifier: XX1076780; surname: Schaefer; SHARE Catalogue author ID (P3987): 228338; SUDOC authorities: 028472721; BnF identifier: 12030137p; IMDb identifier: nm1026208; place of death: Berlin; religion: Judaism; NLI (Israel) identifier: 000464383; description/label: deutscher Schriftsteller im Bereich der politischen Philosophie, schrijver uit Duitsland )</subfield>
    <subfield code="u">http://www.wikidata.org/entity/Q1708694</subfield>
  </datafield>
  <datafield tag="953" ind1=" " ind2=" ">
    <subfield code="a">ec16</subfield>
    <subfield code="b">ec16</subfield>
  </datafield>
</record>