
<record>
  <leader>02356cz  a2200265n  4500</leader>
  <controlfield tag="001">2515203</controlfield>
  <controlfield tag="003">DLC</controlfield>
  <controlfield tag="005">20200101073155.0</controlfield>
  <controlfield tag="008">871016n| azannaabn          |a aaa      </controlfield>
  <datafield tag="010" ind1=" " ind2=" ">
    <subfield code="a">n  87136437 </subfield>
  </datafield>
  <datafield tag="035" ind1=" " ind2=" ">
    <subfield code="a">(OCoLC)oca01964326</subfield>
  </datafield>
  <datafield tag="040" ind1=" " ind2=" ">
    <subfield code="a">DLC</subfield>
    <subfield code="b">eng</subfield>
    <subfield code="e">rda</subfield>
    <subfield code="c">DLC</subfield>
    <subfield code="d">DLC</subfield>
    <subfield code="d">OCoLC</subfield>
    <subfield code="d">DLC</subfield>
    <subfield code="d">OCoLC</subfield>
  </datafield>
  <datafield tag="046" ind1=" " ind2=" ">
    <subfield code="g">2019-02-14</subfield>
    <subfield code="2">edtf</subfield>
  </datafield>
  <datafield tag="100" ind1="1" ind2=" ">
    <subfield code="a">Twynham, Eileen</subfield>
  </datafield>
  <datafield tag="370" ind1=" " ind2=" ">
    <subfield code="a">New York (N.Y.)</subfield>
    <subfield code="b">Baltimore County (Md.)</subfield>
    <subfield code="e">Baltimore (Md.)</subfield>
    <subfield code="f">Brooklandville (Md.)</subfield>
    <subfield code="2">naf</subfield>
  </datafield>
  <datafield tag="370" ind1=" " ind2=" ">
    <subfield code="e">Parkville (Md.)</subfield>
    <subfield code="s">2012</subfield>
    <subfield code="t">2019</subfield>
  </datafield>
  <datafield tag="372" ind1=" " ind2=" ">
    <subfield code="a">Music</subfield>
    <subfield code="a">Theology</subfield>
    <subfield code="a">American poetry</subfield>
    <subfield code="2">lcsh</subfield>
  </datafield>
  <datafield tag="373" ind1=" " ind2=" ">
    <subfield code="a">Maryvale School (Brooklandville, Md.)</subfield>
    <subfield code="a">Hunter College</subfield>
    <subfield code="a">St. Mary&apos;s Seminary and University (Baltimore, Md.)</subfield>
    <subfield code="2">naf</subfield>
  </datafield>
  <datafield tag="373" ind1=" " ind2=" ">
    <subfield code="a">Chamber Music Society of Maryland</subfield>
    <subfield code="s">1974</subfield>
  </datafield>
  <datafield tag="374" ind1=" " ind2=" ">
    <subfield code="a">Lyricists</subfield>
    <subfield code="a">Music teachers</subfield>
    <subfield code="a">Religious educators</subfield>
    <subfield code="a">Composers</subfield>
    <subfield code="a">Poets</subfield>
    <subfield code="2">lcsh</subfield>
  </datafield>
  <datafield tag="378" ind1=" " ind2=" ">
    <subfield code="q">Eileen Ernst</subfield>
  </datafield>
  <datafield tag="400" ind1="1" ind2=" ">
    <subfield code="a">Ernst, Eileen Dorothy</subfield>
  </datafield>
  <datafield tag="670" ind1=" " ind2=" ">
    <subfield code="a">Twynham, R. Magnificat, c1986:</subfield>
    <subfield code="b">t.p. (Eileen Twynham) p. v (Eileen Ernst Twynham; b. Brooklyn, N.Y.; teaches music and religion at Maryvale Preparatory School in Baltimore, Md.; poet)</subfield>
  </datafield>
  <datafield tag="670" ind1=" " ind2=" ">
    <subfield code="a">Baltimore sun WWW site, viewed March 18, 2019</subfield>
    <subfield code="b">(in obituary dated March 15, 2019: Eileen E. Twynham, a music teacher, composer and poet who collaborated with her late husband and organist, Robert Twynham, died Feb. 14 at MedStar Franklin Square Medical Center [Baltimore County, Md.]. The Parkville resident was 88. The former Eileen Dorothy Ernst was born and raised in Brooklyn, N.Y.; earned a degree in music in 1952 from Hunter College. While teaching music at St. Barbara&apos;s High School in Brooklyn, she met choirmaster Robert Twynham, whom she married in 1962. After moving to Reservoir Hill [Baltimore, Md.], Mrs. Twynham earned a master&apos;s degree in theology from St. Mary&apos;s Seminary and University, and for years taught theology at Maryvale Preparatory School in Brooklandville, while her husband served as music director and organist at the Roman Catholic Cathedral of Mary Our Queen.  The couple collaborated on numerous liturgical compositions for which Mrs. Twynham wrote the poetry. She was a co-founder in 1974 of the Chamber Music Society of Maryland. A resident of Reservoir Hill for more than 50 years, Mrs. Twynham also wrote poetry about life and her spirituality. Since 2012, she had been living at Oak Crest Village in Parkville)</subfield>
  </datafield>
  <datafield tag="953" ind1=" " ind2=" ">
    <subfield code="a">vk04</subfield>
  </datafield>
</record>