
<record>
  <leader>01440cz  a2200277n  4500</leader>
  <controlfield tag="001">2550677</controlfield>
  <controlfield tag="003">DLC</controlfield>
  <controlfield tag="005">20200101073217.0</controlfield>
  <controlfield tag="008">890915nc azannaabn          |b aaa      </controlfield>
  <datafield tag="010" ind1=" " ind2=" ">
    <subfield code="a">n  88292397 </subfield>
  </datafield>
  <datafield tag="035" ind1=" " ind2=" ">
    <subfield code="a">(OCoLC)oca02599769</subfield>
  </datafield>
  <datafield tag="040" ind1=" " ind2=" ">
    <subfield code="a">DLC</subfield>
    <subfield code="b">eng</subfield>
    <subfield code="e">rda</subfield>
    <subfield code="c">DLC</subfield>
    <subfield code="d">DLC</subfield>
    <subfield code="d">OCoLC</subfield>
    <subfield code="d">DLC</subfield>
    <subfield code="d">InU</subfield>
    <subfield code="d">OU</subfield>
    <subfield code="d">CtY</subfield>
  </datafield>
  <datafield tag="046" ind1=" " ind2=" ">
    <subfield code="f">1933</subfield>
    <subfield code="2">edtf</subfield>
  </datafield>
  <datafield tag="100" ind1="1" ind2=" ">
    <subfield code="a">Sun, Dazhang</subfield>
  </datafield>
  <datafield tag="400" ind1="1" ind2=" ">
    <subfield code="w">nne</subfield>
    <subfield code="a">Sun, Ta-chang</subfield>
  </datafield>
  <datafield tag="400" ind1="1" ind2=" ">
    <subfield code="a">Sun, Da-Zhang</subfield>
  </datafield>
  <datafield tag="400" ind1="1" ind2=" ">
    <subfield code="a">孙大章</subfield>
  </datafield>
  <datafield tag="400" ind1="1" ind2=" ">
    <subfield code="a">孫大章</subfield>
  </datafield>
  <datafield tag="667" ind1=" " ind2=" ">
    <subfield code="a">Machine-derived non-Latin script reference project.</subfield>
  </datafield>
  <datafield tag="667" ind1=" " ind2=" ">
    <subfield code="a">Non-Latin script references not evaluated.</subfield>
  </datafield>
  <datafield tag="667" ind1=" " ind2=" ">
    <subfield code="a">Non-Latin script references reviewed in NACO CJK Funnel References Project.</subfield>
  </datafield>
  <datafield tag="670" ind1=" " ind2=" ">
    <subfield code="a">Zhongguo gu dai jian zhu shi hua, 1987:</subfield>
    <subfield code="b">t.p. (孙大章 = Sun Dazhang)</subfield>
  </datafield>
  <datafield tag="670" ind1=" " ind2=" ">
    <subfield code="a">Li zhi jian zhu, 1993:</subfield>
    <subfield code="b">t.p. (Sun Dazhang) vita (b. 1933)</subfield>
  </datafield>
  <datafield tag="670" ind1=" " ind2=" ">
    <subfield code="a">Zhongguo gu dai jian zhu cai hua, 2006:</subfield>
    <subfield code="b">t.p. (Sun Dazhang; Sun Da-Zhang)</subfield>
  </datafield>
  <datafield tag="670" ind1=" " ind2=" ">
    <subfield code="a">Ritual and ceremonial buildings, 2015:</subfield>
    <subfield code="b">title page (Sun Dazhang) colophon (born in Tianjin; graduated from the School of Architecture at Tsinghua University; worked for the China Research Institute of Building Science, the China Design and Research Institute of Building Standards, and the Design Institute of the Henan Province Construction Commission; professor and researcher at the Research Institute for Chinese Architectural History with the Chinese Society of Architects)</subfield>
  </datafield>
  <datafield tag="953" ind1=" " ind2=" ">
    <subfield code="a">bl05</subfield>
    <subfield code="b">cc14</subfield>
  </datafield>
</record>