
<record>
  <leader>01954cz  a2200253n  4500</leader>
  <controlfield tag="001">2603175</controlfield>
  <controlfield tag="003">DLC</controlfield>
  <controlfield tag="005">20200101073216.0</controlfield>
  <controlfield tag="008">910816n| azannaabn          |a aaa     c</controlfield>
  <datafield tag="010" ind1=" " ind2=" ">
    <subfield code="a">nr 91029857 </subfield>
  </datafield>
  <datafield tag="035" ind1=" " ind2=" ">
    <subfield code="a">(OCoLC)oca03004300</subfield>
  </datafield>
  <datafield tag="040" ind1=" " ind2=" ">
    <subfield code="a">NjP</subfield>
    <subfield code="b">eng</subfield>
    <subfield code="e">rda</subfield>
    <subfield code="c">NjP</subfield>
    <subfield code="d">OU</subfield>
  </datafield>
  <datafield tag="046" ind1=" " ind2=" ">
    <subfield code="f">1902-07-24</subfield>
    <subfield code="g">1967-08-30</subfield>
    <subfield code="2">edtf</subfield>
  </datafield>
  <datafield tag="100" ind1="1" ind2=" ">
    <subfield code="a">Grenzmann, Wilhelm,</subfield>
    <subfield code="d">1902-1967</subfield>
  </datafield>
  <datafield tag="370" ind1=" " ind2=" ">
    <subfield code="a">Iserlohn (Germany)</subfield>
    <subfield code="b">Siegburg (Germany)</subfield>
    <subfield code="2">naf</subfield>
  </datafield>
  <datafield tag="374" ind1=" " ind2=" ">
    <subfield code="a">Germanists</subfield>
    <subfield code="a">College teachers</subfield>
    <subfield code="2">lcsh</subfield>
  </datafield>
  <datafield tag="375" ind1=" " ind2=" ">
    <subfield code="a">Males</subfield>
    <subfield code="2">lcdgt</subfield>
  </datafield>
  <datafield tag="378" ind1=" " ind2=" ">
    <subfield code="q">Wilhelm Ludwig Gottfried</subfield>
  </datafield>
  <datafield tag="400" ind1="1" ind2=" ">
    <subfield code="a">Grenzmann, Wilhelm Ludwig Gottfried,</subfield>
    <subfield code="d">1902-1967</subfield>
  </datafield>
  <datafield tag="670" ind1=" " ind2=" ">
    <subfield code="a">Lichtenberg, G.C. Gesammelte Werke, 1953?:</subfield>
    <subfield code="b">t.p. (Wilhelm Grenzmann)</subfield>
  </datafield>
  <datafield tag="670" ind1=" " ind2=" ">
    <subfield code="a">NUC pre-56</subfield>
    <subfield code="b">(Grenzmann, Wilhelm, 1902-)</subfield>
  </datafield>
  <datafield tag="670" ind1=" " ind2=" ">
    <subfield code="a">Wikidata via Wikipedia, December 31, 2019</subfield>
    <subfield code="b">(alias: Wilhelm Grenzmann; instance of: human; sex or gender: male; country of citizenship: Germany; date of birth: +1902-07-24T00:00:00Z; date of death: +1967-08-30T00:00:00Z; employer: University of Bonn, University of Innsbruck, Sophia University; given name: Wilhelm; GND identifier: 116832312; occupation: teacher, university teacher, high school teacher; VIAF identifier: 64375572; SUDOC authorities: 087661497; BAV (Vatican Library) identifier: ADV10276076; ISNI (P213): 0000000081442695; LCAuth identifier: nr91029857; NLI (Israel) identifier: 000525589; NTA identifier (Netherlands): 068151926; NDL identifier: 00522168; NLP identifier: A22929745; BBF identifier: 507c87aa-a1f5-4c4e-b00d-8ec3a0ee5f64; award received: Knight in the Order of the Holy Sepulchre; place of birth: Iserlohn; work location: Bonn; languages spoken or published: German; SHARE Catalogue author ID (P3987): 131811; CONOR identifier: 79348835; description/label: deutscher Germanist und Literaturwissenschaftler, Duits onderwijzer , German teacher, professor académico alemão, tysk professor)</subfield>
    <subfield code="u">http://www.wikidata.org/entity/Q15854478</subfield>
  </datafield>
  <datafield tag="953" ind1=" " ind2=" ">
    <subfield code="a">xx00</subfield>
  </datafield>
  <datafield tag="985" ind1=" " ind2=" ">
    <subfield code="c">RLIN</subfield>
    <subfield code="e">LSPC</subfield>
  </datafield>
</record>