
<record>
  <leader>00785cz  a2200229n  4500</leader>
  <controlfield tag="001">2698175</controlfield>
  <controlfield tag="003">DLC</controlfield>
  <controlfield tag="005">20200101073213.0</controlfield>
  <controlfield tag="008">960207n| azannaabn          |a aaa     c</controlfield>
  <datafield tag="010" ind1=" " ind2=" ">
    <subfield code="a">n  96010777 </subfield>
  </datafield>
  <datafield tag="016" ind1=" " ind2=" ">
    <subfield code="a">1021C3462E</subfield>
  </datafield>
  <datafield tag="035" ind1=" " ind2=" ">
    <subfield code="a">(OCoLC)oca04003868</subfield>
  </datafield>
  <datafield tag="040" ind1=" " ind2=" ">
    <subfield code="a">Uk</subfield>
    <subfield code="b">eng</subfield>
    <subfield code="e">rda</subfield>
    <subfield code="c">DLC</subfield>
    <subfield code="d">OrLoB</subfield>
    <subfield code="d">DLC</subfield>
    <subfield code="d">CaOONL</subfield>
  </datafield>
  <datafield tag="042" ind1=" " ind2=" ">
    <subfield code="a">nlc</subfield>
  </datafield>
  <datafield tag="100" ind1="1" ind2=" ">
    <subfield code="a">Isaac, Thomas,</subfield>
    <subfield code="d">1966-</subfield>
  </datafield>
  <datafield tag="400" ind1="1" ind2=" ">
    <subfield code="a">Isaac, Thomas F.</subfield>
    <subfield code="q">(Thomas Francis),</subfield>
    <subfield code="d">1966-</subfield>
  </datafield>
  <datafield tag="667" ind1=" " ind2=" ">
    <subfield code="a">Data prepared by the British Library</subfield>
  </datafield>
  <datafield tag="670" ind1=" " ind2=" ">
    <subfield code="a">Pre-1868 legislation concerning Indians.</subfield>
  </datafield>
  <datafield tag="670" ind1=" " ind2=" ">
    <subfield code="a">Cananiana</subfield>
    <subfield code="b">(Thomas Francis)</subfield>
  </datafield>
  <datafield tag="670" ind1=" " ind2=" ">
    <subfield code="a">Aboriginal law, c1995:</subfield>
    <subfield code="b">t.p. (Thomas Isaac) CIP Can (Isaac, Thomas F. (Thomas Francis), 1966- )</subfield>
  </datafield>
  <datafield tag="670" ind1=" " ind2=" ">
    <subfield code="a">Aboriginal law, 1999:</subfield>
    <subfield code="b">t.p. (thomas Isaac ; B.A., M.A., LL.B., LL.M.)</subfield>
  </datafield>
  <datafield tag="953" ind1=" " ind2=" ">
    <subfield code="a">yn05</subfield>
    <subfield code="b">sg29</subfield>
  </datafield>
</record>