
<record>
  <leader>02751cz  a2200229n  4500</leader>
  <controlfield tag="001">2831184</controlfield>
  <controlfield tag="003">DLC</controlfield>
  <controlfield tag="005">20200101073150.0</controlfield>
  <controlfield tag="008">800305n| azannaabn          |n aaa      </controlfield>
  <datafield tag="010" ind1=" " ind2=" ">
    <subfield code="a">n  80013506 </subfield>
  </datafield>
  <datafield tag="035" ind1=" " ind2=" ">
    <subfield code="a">(OCoLC)oca00395985</subfield>
  </datafield>
  <datafield tag="040" ind1=" " ind2=" ">
    <subfield code="a">DLC</subfield>
    <subfield code="b">eng</subfield>
    <subfield code="e">rda</subfield>
    <subfield code="c">DLC</subfield>
    <subfield code="d">ICU</subfield>
    <subfield code="d">UkOxU</subfield>
    <subfield code="d">OU</subfield>
  </datafield>
  <datafield tag="046" ind1=" " ind2=" ">
    <subfield code="f">1904-08-25</subfield>
    <subfield code="g">1985-04-27</subfield>
    <subfield code="2">edtf</subfield>
  </datafield>
  <datafield tag="100" ind1="1" ind2=" ">
    <subfield code="a">Abel, Wilhelm,</subfield>
    <subfield code="d">1904-1985</subfield>
  </datafield>
  <datafield tag="370" ind1=" " ind2=" ">
    <subfield code="a">Bytów (Poland)</subfield>
    <subfield code="b">Göttingen (Germany)</subfield>
    <subfield code="c">Germany</subfield>
    <subfield code="2">naf</subfield>
  </datafield>
  <datafield tag="374" ind1=" " ind2=" ">
    <subfield code="a">Historians</subfield>
    <subfield code="a">Economists</subfield>
    <subfield code="a">College teachers</subfield>
    <subfield code="2">lcsh</subfield>
  </datafield>
  <datafield tag="375" ind1=" " ind2=" ">
    <subfield code="a">Males</subfield>
    <subfield code="2">lcdgt</subfield>
  </datafield>
  <datafield tag="670" ind1=" " ind2=" ">
    <subfield code="a">His Die Wüstungen des ausgehen den Mittelalters, 1943.</subfield>
  </datafield>
  <datafield tag="670" ind1=" " ind2=" ">
    <subfield code="a">Wirtschaft, Politik, Geschichte, 2004:</subfield>
    <subfield code="b">p. 8, etc. (Wilhelm Abel; b. Aug. 25, 1904; d. 1985)</subfield>
  </datafield>
  <datafield tag="670" ind1=" " ind2=" ">
    <subfield code="a">Wikidata via Wikipedia, December 31, 2019</subfield>
    <subfield code="b">(alias: Abel, Wilhelm Abel, Вильгельм Абель; VIAF identifier: 59170997; LCAuth identifier: n80013506; GND identifier: 118646494; ISNI (P213): 0000000110276420; place of birth: Bytów; place of death: Göttingen; country of citizenship: Germany; date of birth: +1904-08-25T00:00:00Z; date of death: +1985-04-27T00:00:00Z; instance of: human; occupation: economist, agrarian historian, economic historian, university teacher; Freebase identifier: /m/0hr1xmv; surname: Abel; given name: Wilhelm; employer: University of Göttingen; NTA identifier (Netherlands): 068475829; SBN identifier: IT\\ICCU\\AQ1V\\000027; NKC identifier: mzk2009521827; NLA identifier: 35000307; BnF identifier: 12407784m; SELIBR: 286467; BAV (Vatican Library) identifier: ADV10217561; NDL identifier: 00430881; NUKAT authorities: n95002834; FAST-ID: 49727; Pers\u00e9e author ID (P2732): 48681; PM20 folder ID (P4293): pe/061582; BIBSYS identifier: 90215254; NE.se ID (P3222): wilhelm-abel; NLP identifier: A24847537; Runeberg author ID (P3154): abelwilh; SHARE Catalogue author ID (P3987): 118502; languages spoken or published: German; Libris-URI (P5587): c9pswh5w0jzwm4g; SUDOC authorities: 033185794; sex or gender: male; NLI (Israel) identifier: 000426301; RERO ID (P3065): 02-A017653563; National Library of Korea Identifier (P5034): KAC201111740; CiNii author identifier: DA00359583; People Australia identifier: 784475; Brockhaus Enzyklop\u00e4die online ID (P5019): abel-wilhelm; Store norske leksikon ID (P4342): Wilhelm_Abel; description/label: agrarwissenschaftler, deutscher Wirtschaftshistoriker, Duits econoom , economist german, economista alemán, economista alemany, économiste allemand, ekonomist gjerman, German economist, insegnante tedesco, professor académico alemão, Saksamaa majandusteadlane, tysk professor, כלכלן גרמני, عالم اقتصاد ألماني, ويلهلم هابيل)</subfield>
    <subfield code="u">http://www.wikidata.org/entity/Q86161</subfield>
  </datafield>
  <datafield tag="952" ind1=" " ind2=" ">
    <subfield code="a">RETRO</subfield>
  </datafield>
  <datafield tag="953" ind1=" " ind2=" ">
    <subfield code="a">xx00</subfield>
    <subfield code="b">bz51</subfield>
  </datafield>
</record>