
<record>
  <leader>01881cz  a2200217n  4500</leader>
  <controlfield tag="001">2841914</controlfield>
  <controlfield tag="003">DLC</controlfield>
  <controlfield tag="005">20200101073322.0</controlfield>
  <controlfield tag="008">800930n| azannaabn          |n aaa      </controlfield>
  <datafield tag="010" ind1=" " ind2=" ">
    <subfield code="a">n  80125256 </subfield>
  </datafield>
  <datafield tag="035" ind1=" " ind2=" ">
    <subfield code="a">(OCoLC)oca00505772</subfield>
  </datafield>
  <datafield tag="040" ind1=" " ind2=" ">
    <subfield code="a">DLC</subfield>
    <subfield code="b">eng</subfield>
    <subfield code="e">rda</subfield>
    <subfield code="c">DLC</subfield>
    <subfield code="d">OU</subfield>
  </datafield>
  <datafield tag="046" ind1=" " ind2=" ">
    <subfield code="f">1901-08-29</subfield>
    <subfield code="g">2000-07-08</subfield>
    <subfield code="2">edtf</subfield>
  </datafield>
  <datafield tag="100" ind1="1" ind2=" ">
    <subfield code="a">Brinkmann, Hennig,</subfield>
    <subfield code="d">1901-2000</subfield>
  </datafield>
  <datafield tag="370" ind1=" " ind2=" ">
    <subfield code="a">Königsberg (Germany)</subfield>
    <subfield code="b">Lüdinghausen (Germany)</subfield>
    <subfield code="2">naf</subfield>
  </datafield>
  <datafield tag="374" ind1=" " ind2=" ">
    <subfield code="a">Philologists</subfield>
    <subfield code="a">Germanists</subfield>
    <subfield code="a">College teachers</subfield>
    <subfield code="2">lcsh</subfield>
  </datafield>
  <datafield tag="375" ind1=" " ind2=" ">
    <subfield code="a">Males</subfield>
    <subfield code="2">lcdgt</subfield>
  </datafield>
  <datafield tag="670" ind1=" " ind2=" ">
    <subfield code="a">Author&apos;s Geschichte der lateinischen Liebesdichtung im Mittelalter, 1925.</subfield>
  </datafield>
  <datafield tag="670" ind1=" " ind2=" ">
    <subfield code="a">Wikidata via Wikipedia, December 31, 2019</subfield>
    <subfield code="b">(alias: Hennig Brinkmann; sex or gender: male; LCAuth identifier: n80125256; VIAF identifier: 263160260; GND identifier: 118515454; ISNI (P213): 0000000110594349; place of birth: Königsberg; place of death: Lüdinghausen; country of citizenship: Germany; instance of: human; member of political party: Nazi Party; date of birth: +1901-08-29T00:00:00Z; date of death: +2000-07-08T00:00:00Z; employer: Goethe University Frankfurt, University of Münster, Humboldt University of Berlin; member of: Sturmabteilung; occupation: classical philologist, university teacher; surname: Brinkmann; languages spoken or published: German; BnF identifier: 12270851b; SUDOC authorities: 059576804; BIBSYS identifier: 90094800; BAV (Vatican Library) identifier: ADV10137456; NUKAT authorities: n99010853; CANTIC: a11270536; LNB identifier: 000126484; NTA identifier (Netherlands): 06870495X; SHARE Catalogue author ID (P3987): 199023; FAST-ID: 61425; NKC identifier: jx20121015004; description/label: deutscher klassischer Philologe, Duits klassiek filoloog , German classical philologist, philologue allemand, professor académico alemão, tysk professor)</subfield>
    <subfield code="u">http://www.wikidata.org/entity/Q1605438</subfield>
  </datafield>
  <datafield tag="952" ind1=" " ind2=" ">
    <subfield code="a">RETRO</subfield>
  </datafield>
  <datafield tag="953" ind1=" " ind2=" ">
    <subfield code="a">xx00</subfield>
  </datafield>
</record>