
<record>
  <leader>00470cz  a2200169n  4500</leader>
  <controlfield tag="001">2850398</controlfield>
  <controlfield tag="003">DLC</controlfield>
  <controlfield tag="005">20200101073323.0</controlfield>
  <controlfield tag="008">810522n| azannaabn          |a aaa      </controlfield>
  <datafield tag="010" ind1=" " ind2=" ">
    <subfield code="a">n  81046756 </subfield>
  </datafield>
  <datafield tag="035" ind1=" " ind2=" ">
    <subfield code="a">(OCoLC)oca00592314</subfield>
  </datafield>
  <datafield tag="040" ind1=" " ind2=" ">
    <subfield code="a">DLC</subfield>
    <subfield code="b">eng</subfield>
    <subfield code="e">rda</subfield>
    <subfield code="c">DLC</subfield>
    <subfield code="d">OU</subfield>
  </datafield>
  <datafield tag="100" ind1="1" ind2=" ">
    <subfield code="a">Pause, Walter,</subfield>
    <subfield code="d">1907-1988.</subfield>
    <subfield code="t">Im extremen Fels.</subfield>
    <subfield code="l">English</subfield>
  </datafield>
  <datafield tag="377" ind1=" " ind2=" ">
    <subfield code="a">eng</subfield>
  </datafield>
  <datafield tag="400" ind1="1" ind2=" ">
    <subfield code="a">Pause, Walter,</subfield>
    <subfield code="d">1907-1988.</subfield>
    <subfield code="t">Extreme Alpine rock</subfield>
  </datafield>
  <datafield tag="670" ind1=" " ind2=" ">
    <subfield code="a">His Extreme Alpine rock, 1979.</subfield>
  </datafield>
  <datafield tag="953" ind1=" " ind2=" ">
    <subfield code="a">ea00</subfield>
  </datafield>
</record>