
<record>
  <leader>00861cz  a2200229n  4500</leader>
  <controlfield tag="001">2859763</controlfield>
  <controlfield tag="003">DLC</controlfield>
  <controlfield tag="005">20200101073325.0</controlfield>
  <controlfield tag="008">811215n| azannaabn          |n aaa      </controlfield>
  <datafield tag="010" ind1=" " ind2=" ">
    <subfield code="a">n  81142416 </subfield>
  </datafield>
  <datafield tag="035" ind1=" " ind2=" ">
    <subfield code="a">(OCoLC)oca00687212</subfield>
  </datafield>
  <datafield tag="040" ind1=" " ind2=" ">
    <subfield code="a">DLC</subfield>
    <subfield code="b">eng</subfield>
    <subfield code="e">rda</subfield>
    <subfield code="c">DLC</subfield>
    <subfield code="d">OU</subfield>
  </datafield>
  <datafield tag="046" ind1=" " ind2=" ">
    <subfield code="f">1903-04-24</subfield>
    <subfield code="g">1993-03-17</subfield>
    <subfield code="2">edtf</subfield>
  </datafield>
  <datafield tag="100" ind1="1" ind2=" ">
    <subfield code="a">Titze, Hans,</subfield>
    <subfield code="d">1903-1993</subfield>
  </datafield>
  <datafield tag="370" ind1=" " ind2=" ">
    <subfield code="a">Leipzig (Germany)</subfield>
    <subfield code="b">Wettingen (Switzerland)</subfield>
    <subfield code="2">naf</subfield>
  </datafield>
  <datafield tag="374" ind1=" " ind2=" ">
    <subfield code="a">Electrical engineers</subfield>
    <subfield code="a">Philosophers</subfield>
    <subfield code="a">Authors</subfield>
    <subfield code="2">lcsh</subfield>
  </datafield>
  <datafield tag="375" ind1=" " ind2=" ">
    <subfield code="a">Males</subfield>
    <subfield code="2">lcdgt</subfield>
  </datafield>
  <datafield tag="670" ind1=" " ind2=" ">
    <subfield code="a">His Fehler und Fehlerschutz in elektrischen Drehstromanlagen, 1951.</subfield>
  </datafield>
  <datafield tag="670" ind1=" " ind2=" ">
    <subfield code="a">Kürsch. Gel.-Kal., 1980</subfield>
    <subfield code="b">(Titze, Hans; Dipl.-Ing., Dr. Ing., Dr. techn. fr. philosoph. Schriftsteller)</subfield>
  </datafield>
  <datafield tag="670" ind1=" " ind2=" ">
    <subfield code="a">Freidenker, May 1993:</subfield>
    <subfield code="b">page 39 (Hans Titze; born April 24, 1903, Leipzig, died March 17, 1993, Wettingen)</subfield>
  </datafield>
  <datafield tag="952" ind1=" " ind2=" ">
    <subfield code="a">RETRO</subfield>
  </datafield>
  <datafield tag="953" ind1=" " ind2=" ">
    <subfield code="a">xx00</subfield>
  </datafield>
</record>