
<record>
  <leader>00923cz  a2200229n  4500</leader>
  <controlfield tag="001">2890935</controlfield>
  <controlfield tag="003">DLC</controlfield>
  <controlfield tag="005">20200101073154.0</controlfield>
  <controlfield tag="008">830621n| azannaabn          |a aaa      </controlfield>
  <datafield tag="010" ind1=" " ind2=" ">
    <subfield code="a">n  83156026 </subfield>
  </datafield>
  <datafield tag="035" ind1=" " ind2=" ">
    <subfield code="a">(OCoLC)oca00981429</subfield>
  </datafield>
  <datafield tag="040" ind1=" " ind2=" ">
    <subfield code="a">DLC</subfield>
    <subfield code="b">eng</subfield>
    <subfield code="e">rda</subfield>
    <subfield code="c">DLC</subfield>
    <subfield code="d">DLC</subfield>
    <subfield code="d">WaBeWWUM</subfield>
  </datafield>
  <datafield tag="046" ind1=" " ind2=" ">
    <subfield code="f">1909-05-09</subfield>
    <subfield code="g">1969-04-20</subfield>
    <subfield code="2">edtf</subfield>
    <subfield code="v">Ataulpho Alves, 2004</subfield>
  </datafield>
  <datafield tag="053" ind1=" " ind2="0">
    <subfield code="a">ML410.A4815</subfield>
    <subfield code="c">Biography</subfield>
  </datafield>
  <datafield tag="100" ind1="1" ind2=" ">
    <subfield code="a">Alves, Ataulfo,</subfield>
    <subfield code="d">1909-1969</subfield>
  </datafield>
  <datafield tag="370" ind1=" " ind2=" ">
    <subfield code="b">Rio de Janeiro (Brazil)</subfield>
    <subfield code="2">naf</subfield>
  </datafield>
  <datafield tag="374" ind1=" " ind2=" ">
    <subfield code="a">Composers</subfield>
    <subfield code="2">lcdgt</subfield>
  </datafield>
  <datafield tag="400" ind1="1" ind2=" ">
    <subfield code="a">Alves, Ataulpho,</subfield>
    <subfield code="d">1909-1969</subfield>
  </datafield>
  <datafield tag="400" ind1="1" ind2=" ">
    <subfield code="a">Souza, Ataulpho Alves de,</subfield>
    <subfield code="d">1909-1969</subfield>
  </datafield>
  <datafield tag="670" ind1=" " ind2=" ">
    <subfield code="a">His Ataulfo Alves [SR] c1983:</subfield>
    <subfield code="b">label (Ataulfo Alves) container (b. 5/2/09; d. 4/20/69)</subfield>
  </datafield>
  <datafield tag="670" ind1=" " ind2=" ">
    <subfield code="a">Ataulpho Alves, 2004:</subfield>
    <subfield code="b">t.p. verso (Braz. CIP hdg.: Alves, Ataulpho, 1909-1969) p. 42, etc. (Ataulpho Alves de Souza; b. May 9, 1909, in Miraí [MG]) p. 248 (d. Apr. 20, 1969, in Rio de Janeiro)</subfield>
  </datafield>
  <datafield tag="953" ind1=" " ind2=" ">
    <subfield code="a">vk13</subfield>
    <subfield code="b">vk05</subfield>
  </datafield>
</record>