
<record>
  <leader>01529cz  a2200349n  4500</leader>
  <controlfield tag="001">3012510</controlfield>
  <controlfield tag="003">DLC</controlfield>
  <controlfield tag="005">20200101073133.0</controlfield>
  <controlfield tag="008">900105n| azannaabn          |b aaa      </controlfield>
  <datafield tag="010" ind1=" " ind2=" ">
    <subfield code="a">n  88237606 </subfield>
  </datafield>
  <datafield tag="035" ind1=" " ind2=" ">
    <subfield code="a">(OCoLC)oca02663033</subfield>
  </datafield>
  <datafield tag="040" ind1=" " ind2=" ">
    <subfield code="a">DLC</subfield>
    <subfield code="b">eng</subfield>
    <subfield code="c">DLC</subfield>
    <subfield code="d">MdU-J</subfield>
    <subfield code="d">OCoLC</subfield>
    <subfield code="d">ICIU</subfield>
    <subfield code="e">rda</subfield>
    <subfield code="d">DLC</subfield>
    <subfield code="d">OCoLC</subfield>
  </datafield>
  <datafield tag="053" ind1=" " ind2="0">
    <subfield code="a">PJ5129.V286</subfield>
  </datafield>
  <datafield tag="100" ind1="1" ind2=" ">
    <subfield code="a">Ṿarshaṿsḳi, ʻOzer,</subfield>
    <subfield code="d">1898-1944</subfield>
  </datafield>
  <datafield tag="400" ind1="1" ind2=" ">
    <subfield code="a">Warszawski, Oser,</subfield>
    <subfield code="d">1898-1944</subfield>
  </datafield>
  <datafield tag="400" ind1="1" ind2=" ">
    <subfield code="w">nna</subfield>
    <subfield code="a">Warshawski, Ozer,</subfield>
    <subfield code="d">1898-1944</subfield>
  </datafield>
  <datafield tag="400" ind1="1" ind2=" ">
    <subfield code="a">Ṿarshaṿsḳi, Oyzer,</subfield>
    <subfield code="d">1898-1944</subfield>
  </datafield>
  <datafield tag="400" ind1="1" ind2=" ">
    <subfield code="a">Warshawski, Oizer,</subfield>
    <subfield code="d">1898-1944</subfield>
  </datafield>
  <datafield tag="400" ind1="1" ind2=" ">
    <subfield code="a">Warshawski, O.,</subfield>
    <subfield code="d">1898-1944</subfield>
  </datafield>
  <datafield tag="400" ind1="1" ind2=" ">
    <subfield code="a">Warshawsky, Oyzer,</subfield>
    <subfield code="d">1898-1944</subfield>
  </datafield>
  <datafield tag="400" ind1="1" ind2=" ">
    <subfield code="a">ווארשאווסקי, עוזר</subfield>
  </datafield>
  <datafield tag="400" ind1="1" ind2=" ">
    <subfield code="a">ווארשאווסקי, ע.</subfield>
  </datafield>
  <datafield tag="400" ind1="1" ind2=" ">
    <subfield code="a">ורשבסקי, עוזר</subfield>
  </datafield>
  <datafield tag="667" ind1=" " ind2=" ">
    <subfield code="a">Machine-derived non-Latin script reference project.</subfield>
  </datafield>
  <datafield tag="667" ind1=" " ind2=" ">
    <subfield code="a">Non-Latin script references not evaluated.</subfield>
  </datafield>
  <datafield tag="670" ind1=" " ind2=" ">
    <subfield code="a">His Les Contrebandiers, 1989:</subfield>
    <subfield code="b">t.p. (Oser Warszawski) p. 3 of cover (d. in Auschwitz in 1944)</subfield>
  </datafield>
  <datafield tag="670" ind1=" " ind2=" ">
    <subfield code="a">LC data base 12-4-89</subfield>
    <subfield code="b">(hdg.: Warshawski, Ozer, 1898-1944; usage: Oyzer Ṿarshaṿsḳi)</subfield>
  </datafield>
  <datafield tag="670" ind1=" " ind2=" ">
    <subfield code="a">Leḳsiḳon fun Yidish shraybers, 1986</subfield>
    <subfield code="b">(Ṿarshaṿsḳi, ʻOzer; b. 4/15/1898; d. Oct. 1944)</subfield>
  </datafield>
  <datafield tag="670" ind1=" " ind2=" ">
    <subfield code="a">Shmuglers, 1969:</subfield>
    <subfield code="b">t.p. (Oyzer Ṿarshaṿsḳi) t.p. verso (Oizer Warshawski [in rom.], O. Warshawski [in rom.])</subfield>
  </datafield>
  <datafield tag="670" ind1=" " ind2=" ">
    <subfield code="a">His Smugglers, c2008:</subfield>
    <subfield code="b">t.p. (Oyzer Warshawsky)</subfield>
  </datafield>
  <datafield tag="670" ind1=" " ind2=" ">
    <subfield code="a">LC database, viewed April 4, 2019</subfield>
    <subfield code="b">(hdg.: Warshawski, Ozer, 1898- )</subfield>
  </datafield>
  <datafield tag="953" ind1=" " ind2=" ">
    <subfield code="a">be90</subfield>
    <subfield code="b">cd01</subfield>
  </datafield>
</record>