
<record>
  <leader>00432cz  a2200145n  4500</leader>
  <controlfield tag="001">3116098</controlfield>
  <controlfield tag="003">DLC</controlfield>
  <controlfield tag="005">20200101073211.0</controlfield>
  <controlfield tag="008">931022n| azannaabn          |n ana      </controlfield>
  <datafield tag="010" ind1=" " ind2=" ">
    <subfield code="a">n  93104006 </subfield>
  </datafield>
  <datafield tag="035" ind1=" " ind2=" ">
    <subfield code="a">(OCoLC)oca03481812</subfield>
  </datafield>
  <datafield tag="040" ind1=" " ind2=" ">
    <subfield code="a">DLC</subfield>
    <subfield code="b">eng</subfield>
    <subfield code="e">rda</subfield>
    <subfield code="c">DLC</subfield>
    <subfield code="d">ICrlF</subfield>
  </datafield>
  <datafield tag="110" ind1="2" ind2=" ">
    <subfield code="a">Perfection Learning (Firm)</subfield>
  </datafield>
  <datafield tag="670" ind1=" " ind2=" ">
    <subfield code="a">Silverleaf novel. Schraff, A.E. The whispering shell, c1991:</subfield>
    <subfield code="b">t.p. (Perfection Learning; Logan, Iowa)</subfield>
  </datafield>
  <datafield tag="953" ind1=" " ind2=" ">
    <subfield code="a">jh96</subfield>
  </datafield>
</record>