
<record>
  <leader>00747cz  a2200193n  4500</leader>
  <controlfield tag="001">3178880</controlfield>
  <controlfield tag="003">DLC</controlfield>
  <controlfield tag="005">20200101073209.0</controlfield>
  <controlfield tag="008">960815n| azannaabn          |a aaa      </controlfield>
  <datafield tag="010" ind1=" " ind2=" ">
    <subfield code="a">n  96079696 </subfield>
  </datafield>
  <datafield tag="035" ind1=" " ind2=" ">
    <subfield code="a">(OCoLC)oca04142312</subfield>
  </datafield>
  <datafield tag="040" ind1=" " ind2=" ">
    <subfield code="a">DLC</subfield>
    <subfield code="b">eng</subfield>
    <subfield code="e">rda</subfield>
    <subfield code="c">DLC</subfield>
    <subfield code="d">DLC</subfield>
    <subfield code="d">OCoLC</subfield>
    <subfield code="d">ICU</subfield>
    <subfield code="d">OCoLC</subfield>
  </datafield>
  <datafield tag="100" ind1="1" ind2=" ">
    <subfield code="a">Dufour-Kowalski, Emmanuel</subfield>
  </datafield>
  <datafield tag="400" ind1="1" ind2=" ">
    <subfield code="a">Kowalski, Emmanuel Dufour-</subfield>
  </datafield>
  <datafield tag="400" ind1="1" ind2=" ">
    <subfield code="a">Kowalski, E. D.</subfield>
    <subfield code="q">(Emmanuel Dufour)</subfield>
  </datafield>
  <datafield tag="670" ind1=" " ind2=" ">
    <subfield code="a">Balzac et madame Hanska, c1994:</subfield>
    <subfield code="b">t.p. (Emmanuel Dufour-Kowalski) p. 4 of cover (b. Geneva)</subfield>
  </datafield>
  <datafield tag="670" ind1=" " ind2=" ">
    <subfield code="a">Joseph Czapski, c1997:</subfield>
    <subfield code="b">t.p. (Emmanuel Dufour-Kowalski) cover (E.D. Kowalski)</subfield>
  </datafield>
  <datafield tag="670" ind1=" " ind2=" ">
    <subfield code="a">Email from author, Dec. 31, 2019</subfield>
    <subfield code="b">(Emmanuel Dufour-Kowalski; prefers birth year not be made public)</subfield>
  </datafield>
  <datafield tag="953" ind1=" " ind2=" ">
    <subfield code="a">lf11</subfield>
    <subfield code="b">le07</subfield>
  </datafield>
</record>