
<record>
  <leader>02126cz  a2200337n  4500</leader>
  <controlfield tag="001">3190000</controlfield>
  <controlfield tag="003">DLC</controlfield>
  <controlfield tag="005">20200101073159.0</controlfield>
  <controlfield tag="008">970411n| azannaabn          |a aaa     c</controlfield>
  <datafield tag="010" ind1=" " ind2=" ">
    <subfield code="a">no 97023156 </subfield>
    <subfield code="z">n  85192795 </subfield>
  </datafield>
  <datafield tag="035" ind1=" " ind2=" ">
    <subfield code="a">(OCoLC)oca04316361</subfield>
  </datafield>
  <datafield tag="040" ind1=" " ind2=" ">
    <subfield code="a">DJBF</subfield>
    <subfield code="b">eng</subfield>
    <subfield code="e">rda</subfield>
    <subfield code="c">DJBF</subfield>
    <subfield code="d">IU</subfield>
    <subfield code="d">DLC</subfield>
    <subfield code="d">DLC</subfield>
    <subfield code="d">DLC</subfield>
    <subfield code="d">OCoLC</subfield>
  </datafield>
  <datafield tag="046" ind1=" " ind2=" ">
    <subfield code="f">1885-04-25</subfield>
    <subfield code="g">1965-08-15</subfield>
  </datafield>
  <datafield tag="100" ind1="1" ind2=" ">
    <subfield code="a">Timoshenko, Vladimir P.</subfield>
    <subfield code="q">(Vladimir Prokopovich),</subfield>
    <subfield code="d">1885-1965</subfield>
  </datafield>
  <datafield tag="370" ind1=" " ind2=" ">
    <subfield code="a">Ukraine</subfield>
    <subfield code="b">Menlo Park (Calif.)</subfield>
    <subfield code="2">naf</subfield>
  </datafield>
  <datafield tag="374" ind1=" " ind2=" ">
    <subfield code="a">Economists</subfield>
    <subfield code="2">lcsh</subfield>
  </datafield>
  <datafield tag="400" ind1="1" ind2=" ">
    <subfield code="a">Timoshenko, V. P.</subfield>
    <subfield code="q">(Vladimir Prokopovich),</subfield>
    <subfield code="d">1885-1965</subfield>
  </datafield>
  <datafield tag="400" ind1="1" ind2=" ">
    <subfield code="w">nnaa</subfield>
    <subfield code="a">Timoshenko, Vladimir Prokopovich,</subfield>
    <subfield code="d">1885-</subfield>
  </datafield>
  <datafield tag="400" ind1="1" ind2=" ">
    <subfield code="a">Timoshenko, Vladimir Prokopovich,</subfield>
    <subfield code="d">1885-1965</subfield>
  </datafield>
  <datafield tag="400" ind1="1" ind2=" ">
    <subfield code="a">Timoshenko, Woldemar,</subfield>
    <subfield code="d">1885-1965</subfield>
  </datafield>
  <datafield tag="400" ind1="1" ind2=" ">
    <subfield code="a">Timochenko, Woldemar,</subfield>
    <subfield code="d">1885-1965</subfield>
  </datafield>
  <datafield tag="400" ind1="1" ind2=" ">
    <subfield code="a">Tymoshenko, Volodymyr,</subfield>
    <subfield code="d">1885-1965</subfield>
  </datafield>
  <datafield tag="400" ind1="1" ind2=" ">
    <subfield code="a">Tymošenko, Volodymyr,</subfield>
    <subfield code="d">1885-1965</subfield>
  </datafield>
  <datafield tag="670" ind1=" " ind2=" ">
    <subfield code="a">The world&apos;s sugar, 1957:</subfield>
    <subfield code="b">t.p. (Vladimir P. Timoshenko)</subfield>
  </datafield>
  <datafield tag="670" ind1=" " ind2=" ">
    <subfield code="a">LC data base, 07-20-98</subfield>
    <subfield code="b">(hdg.: Timoshenko, Vladimir Prokopovich, b. 1885; usage: Vladimir P. Timoshenko) LC PreMARC file (hdg.: Timoshenko, Vladimir Prokopovich, 1885-; usage: V.P. Timoshenko, Woldemar Timoshenko)</subfield>
  </datafield>
  <datafield tag="670" ind1=" " ind2=" ">
    <subfield code="a">Karteli i tresty, 1923:</subfield>
    <subfield code="b">t.p. (Volodymyr Tymoshenko)</subfield>
  </datafield>
  <datafield tag="670" ind1=" " ind2=" ">
    <subfield code="a">Relations économiques entre l&apos;Ukraine et la France, 1919:</subfield>
    <subfield code="b">t.p. (Woldemar Tymochenko)</subfield>
  </datafield>
  <datafield tag="670" ind1=" " ind2=" ">
    <subfield code="a">Encyc. of Ukraine:</subfield>
    <subfield code="b">v. 3, p. 222 (Timoshenko, Vladimir (Tymošenko, Volodymyr); b. 25 April 1885 in Bazylivka, Chernihiv gubernia, d. 15 Aug. 1965 in Menlo Park, calif. Economist and economic historian; brother of Stephen Timoshenko. He served as economic adviser UNR during 1919, but after its demise Timoshenko remained in the West teaching and writing in Poděbrady. In 1925 he won a Rockefeller Fellowship to continue his studies and earned a doctorate at Cornell in 1927, where he taught economics until 1934. He became a professor at Stanford from 1936-1950)</subfield>
  </datafield>
  <datafield tag="670" ind1=" " ind2=" ">
    <subfield code="a">Ukraïnsʹka biblioteka pry Stenford universyteti v Palo Alto, Kalifornii︠a︡, 1946:</subfield>
    <subfield code="b">colophon (Volodymyr Tymoshenko)</subfield>
  </datafield>
  <datafield tag="953" ind1=" " ind2=" ">
    <subfield code="a">sd13</subfield>
    <subfield code="b">sd53</subfield>
  </datafield>
  <datafield tag="985" ind1=" " ind2=" ">
    <subfield code="c">OCLC</subfield>
    <subfield code="e">LSPC</subfield>
  </datafield>
</record>