
<record>
  <leader>01240cz  a2200265n  4500</leader>
  <controlfield tag="001">3241908</controlfield>
  <controlfield tag="003">DLC</controlfield>
  <controlfield tag="005">20200101073156.0</controlfield>
  <controlfield tag="008">981012n| azannaabn          |n aaa     c</controlfield>
  <datafield tag="010" ind1=" " ind2=" ">
    <subfield code="a">no 98114626 </subfield>
  </datafield>
  <datafield tag="035" ind1=" " ind2=" ">
    <subfield code="a">(OCoLC)oca04835977</subfield>
  </datafield>
  <datafield tag="040" ind1=" " ind2=" ">
    <subfield code="a">FJUNFCM</subfield>
    <subfield code="b">eng</subfield>
    <subfield code="e">rda</subfield>
    <subfield code="c">FJUNFCM</subfield>
    <subfield code="d">UPB-Mu</subfield>
  </datafield>
  <datafield tag="046" ind1=" " ind2=" ">
    <subfield code="f">1967-04-27</subfield>
    <subfield code="2">edtf</subfield>
  </datafield>
  <datafield tag="100" ind1="1" ind2=" ">
    <subfield code="a">Smith, Tommy,</subfield>
    <subfield code="d">1967-</subfield>
  </datafield>
  <datafield tag="370" ind1=" " ind2=" ">
    <subfield code="a">Luton (England)</subfield>
    <subfield code="e">Scotland</subfield>
    <subfield code="2">naf</subfield>
  </datafield>
  <datafield tag="372" ind1=" " ind2=" ">
    <subfield code="a">Music</subfield>
    <subfield code="a">Jazz</subfield>
    <subfield code="2">naf</subfield>
  </datafield>
  <datafield tag="373" ind1=" " ind2=" ">
    <subfield code="a">Scottish National Jazz Orchestra</subfield>
    <subfield code="2">naf</subfield>
  </datafield>
  <datafield tag="373" ind1=" " ind2=" ">
    <subfield code="a">Royal Conservatoire of Scotland</subfield>
    <subfield code="2">naf</subfield>
  </datafield>
  <datafield tag="374" ind1=" " ind2=" ">
    <subfield code="a">Saxophonists</subfield>
    <subfield code="a">Composers</subfield>
    <subfield code="a">Conductors (Music)</subfield>
    <subfield code="2">lcsh</subfield>
  </datafield>
  <datafield tag="375" ind1=" " ind2=" ">
    <subfield code="a">Males</subfield>
    <subfield code="2">lcdgt</subfield>
  </datafield>
  <datafield tag="670" ind1=" " ind2=" ">
    <subfield code="a">Smith, T. Beast of Scotland [SR] p1996:</subfield>
    <subfield code="b">label (Tommy Smith; all compositions by Tommy Smith) insert (b. in 1967; saxophone)</subfield>
  </datafield>
  <datafield tag="670" ind1=" " ind2=" ">
    <subfield code="a">Guinness enc. of pop. mus., 2nd ed.</subfield>
    <subfield code="b">(Smith, Tommy; b. Apr. 27, 1967, Luton, Eng.; saxophone)</subfield>
  </datafield>
  <datafield tag="670" ind1=" " ind2=" ">
    <subfield code="a">tommysmith.scot, via WWW, 30 December 2019</subfield>
    <subfield code="b">(Tommy Smith, born 1967; jazz saxophonist; founder and director of The Scottish National Jazz Orchestra; recording artist; composer/arranger; jazz educator; graduate of Berklee College of Music; director of first full-time jazz course at Royal Conservatory of Scotland)</subfield>
  </datafield>
  <datafield tag="953" ind1=" " ind2=" ">
    <subfield code="a">xx00</subfield>
  </datafield>
  <datafield tag="985" ind1=" " ind2=" ">
    <subfield code="c">OCLC</subfield>
    <subfield code="e">LSPC</subfield>
  </datafield>
</record>