
<record>
  <leader>00908cz  a2200217n  4500</leader>
  <controlfield tag="001">3257307</controlfield>
  <controlfield tag="003">DLC</controlfield>
  <controlfield tag="005">20200101073156.0</controlfield>
  <controlfield tag="008">990711n| azannaabn          |a aaa      </controlfield>
  <datafield tag="010" ind1=" " ind2=" ">
    <subfield code="a">no 99049046 </subfield>
  </datafield>
  <datafield tag="035" ind1=" " ind2=" ">
    <subfield code="a">(OCoLC)oca05024610</subfield>
  </datafield>
  <datafield tag="040" ind1=" " ind2=" ">
    <subfield code="a">DLC-ON</subfield>
    <subfield code="b">eng</subfield>
    <subfield code="e">rda</subfield>
    <subfield code="c">DLC-ON</subfield>
    <subfield code="d">OCoLC</subfield>
    <subfield code="d">DLC</subfield>
    <subfield code="d">OCoLC</subfield>
  </datafield>
  <datafield tag="053" ind1=" " ind2="0">
    <subfield code="a">PK1569.S3728</subfield>
  </datafield>
  <datafield tag="100" ind1="1" ind2=" ">
    <subfield code="a">Śarmā Pūjārī, Anurādhā</subfield>
  </datafield>
  <datafield tag="375" ind1=" " ind2=" ">
    <subfield code="a">Females</subfield>
    <subfield code="2">lcdgt</subfield>
  </datafield>
  <datafield tag="377" ind1=" " ind2=" ">
    <subfield code="a">asm</subfield>
  </datafield>
  <datafield tag="400" ind1="1" ind2=" ">
    <subfield code="a">Pūjārī, Anurādhā Śarmā</subfield>
  </datafield>
  <datafield tag="400" ind1="0" ind2=" ">
    <subfield code="a">Anurādhā Śarmā Pūjārī</subfield>
  </datafield>
  <datafield tag="400" ind1="1" ind2=" ">
    <subfield code="a">Śarmāpūjārī, Anurādhā</subfield>
  </datafield>
  <datafield tag="670" ind1=" " ind2=" ">
    <subfield code="a">Hr̥daẏa eka bijñāpana, 1998:</subfield>
    <subfield code="b">t.p (Anurādhā Śarmā Pūjārī) jkt. (Anurādhā Śarmāpūjārī)</subfield>
  </datafield>
  <datafield tag="670" ind1=" " ind2=" ">
    <subfield code="a">Anurādhā Śarmā Pūjārīra Alapa cintā, alapa gadya, 2009:</subfield>
    <subfield code="b">t.p. (Anurādhā Śarmā Pūjārī) t.p. verso (Anuradha Anurādhā Śarmā Pūjārī) jkt. (Assamese author)</subfield>
  </datafield>
</record>