
<record>
  <leader>02220cz  a2200229n  4500</leader>
  <controlfield tag="001">3262868</controlfield>
  <controlfield tag="003">DLC</controlfield>
  <controlfield tag="005">20200101073142.0</controlfield>
  <controlfield tag="008">800411n| azannaabn          |n aaa      </controlfield>
  <datafield tag="010" ind1=" " ind2=" ">
    <subfield code="a">n  50014520 </subfield>
  </datafield>
  <datafield tag="035" ind1=" " ind2=" ">
    <subfield code="a">(OCoLC)oca00049992</subfield>
  </datafield>
  <datafield tag="040" ind1=" " ind2=" ">
    <subfield code="a">DLC</subfield>
    <subfield code="b">eng</subfield>
    <subfield code="e">rda</subfield>
    <subfield code="c">DLC</subfield>
    <subfield code="d">DLC</subfield>
    <subfield code="d">OU</subfield>
  </datafield>
  <datafield tag="046" ind1=" " ind2=" ">
    <subfield code="f">1905-05-19</subfield>
    <subfield code="g">1983-11-25</subfield>
    <subfield code="2">edtf</subfield>
  </datafield>
  <datafield tag="100" ind1="1" ind2=" ">
    <subfield code="a">Bischoff, Karl,</subfield>
    <subfield code="d">1905-1983</subfield>
  </datafield>
  <datafield tag="370" ind1=" " ind2=" ">
    <subfield code="a">Aken (Saxony-Anhalt, Germany)</subfield>
  </datafield>
  <datafield tag="370" ind1=" " ind2=" ">
    <subfield code="b">Mainz (Rhineland-Palatinate, Germany)</subfield>
    <subfield code="2">naf</subfield>
  </datafield>
  <datafield tag="374" ind1=" " ind2=" ">
    <subfield code="a">Germanists</subfield>
    <subfield code="a">College teachers</subfield>
    <subfield code="2">lcsh</subfield>
  </datafield>
  <datafield tag="375" ind1=" " ind2=" ">
    <subfield code="a">Males</subfield>
    <subfield code="2">lcdgt</subfield>
  </datafield>
  <datafield tag="670" ind1=" " ind2=" ">
    <subfield code="a">His Studien zur dialektgeographie des Elbe-Saale-gebietes īn den kreiser Calbe und ... 1935.</subfield>
  </datafield>
  <datafield tag="670" ind1=" " ind2=" ">
    <subfield code="a">Wikidata via Wikipedia, December 31, 2019</subfield>
    <subfield code="b">(alias: Karl Bischoff, Karl Bisschoff; LCAuth identifier: n50014520; VIAF identifier: 64801223; GND identifier: 118663534; ISNI (P213): 0000000109098276; place of birth: Aken (Elbe); place of death: Mainz; country of citizenship: Germany; instance of: human; member of political party: Nazi Party, Christian Democratic Union; date of birth: +1905-05-19T00:00:00Z; date of death: +1983-11-25T00:00:00Z; member of: Saxon Academy of Sciences, Sturmabteilung, Saxon Academy of Sciences, Royal Academy of Dutch language and literature; employer: Johannes Gutenberg University Mainz, University of Halle-Wittenberg; occupation: university teacher, germanist; given name: Karl; NTA identifier (Netherlands): 068259743; academic degree: doctorate; Catalogus Professorum Halensis (P2005): bischoffkarl; Magdeburger Biographisches Lexikon (P2277): 1619; NSDAP membership number (1925\u20131945) (P2298): 4985425; Saxon Academy of Sciences member ID (P3411): bischoffk; work location: Mainz; SHARE Catalogue author ID (P3987): 192664; languages spoken or published: German; BnF identifier: 12816112r; SUDOC authorities: 081725604; FAST-ID: 4512; KANTL member ID (P3277): bisschoff-karl; sex or gender: male; NKC identifier: jn20040303003; DBNL ID: bisc001; surname: Bischoff; description/label: deutscher Germanist, Duits auteur , filólogo alemán, focleolaí Gearmánach, German philologist, professor académico alemão, tysk professor)</subfield>
    <subfield code="u">http://www.wikidata.org/entity/Q1730498</subfield>
  </datafield>
  <datafield tag="952" ind1=" " ind2=" ">
    <subfield code="a">RETRO</subfield>
  </datafield>
  <datafield tag="953" ind1=" " ind2=" ">
    <subfield code="a">xx00</subfield>
    <subfield code="b">vk05</subfield>
  </datafield>
</record>