
<record>
  <leader>02732cz  a2200337n  4500</leader>
  <controlfield tag="001">3264876</controlfield>
  <controlfield tag="003">DLC</controlfield>
  <controlfield tag="005">20200101073145.0</controlfield>
  <controlfield tag="008">800717n| azannaabn          |b aaa      </controlfield>
  <datafield tag="010" ind1=" " ind2=" ">
    <subfield code="a">n  50034990 </subfield>
  </datafield>
  <datafield tag="035" ind1=" " ind2=" ">
    <subfield code="a">(OCoLC)oca00070308</subfield>
  </datafield>
  <datafield tag="040" ind1=" " ind2=" ">
    <subfield code="a">DLC</subfield>
    <subfield code="b">eng</subfield>
    <subfield code="e">rda</subfield>
    <subfield code="c">DLC</subfield>
    <subfield code="d">OCoLC</subfield>
    <subfield code="d">OU</subfield>
  </datafield>
  <datafield tag="046" ind1=" " ind2=" ">
    <subfield code="f">1906-11-19</subfield>
    <subfield code="g">1992-04-12</subfield>
    <subfield code="2">edtf</subfield>
  </datafield>
  <datafield tag="100" ind1="1" ind2=" ">
    <subfield code="a">Hinz, Walther,</subfield>
    <subfield code="d">1906-1992</subfield>
  </datafield>
  <datafield tag="370" ind1=" " ind2=" ">
    <subfield code="a">Stuttgart (Germany)</subfield>
    <subfield code="b">Göttingen (Germany)</subfield>
    <subfield code="2">naf</subfield>
  </datafield>
  <datafield tag="374" ind1=" " ind2=" ">
    <subfield code="a">Linguists</subfield>
    <subfield code="a">Politicians</subfield>
    <subfield code="a">College teachers</subfield>
    <subfield code="2">lcsh</subfield>
  </datafield>
  <datafield tag="375" ind1=" " ind2=" ">
    <subfield code="a">Males</subfield>
    <subfield code="2">lcdgt</subfield>
  </datafield>
  <datafield tag="400" ind1="1" ind2=" ">
    <subfield code="a">Hīns, Vāltir,</subfield>
    <subfield code="d">1906-1992</subfield>
  </datafield>
  <datafield tag="400" ind1="1" ind2=" ">
    <subfield code="a">Hints, Fāltir,</subfield>
    <subfield code="d">1906-1992</subfield>
  </datafield>
  <datafield tag="400" ind1="1" ind2=" ">
    <subfield code="a">Hīnts, Vāltir,</subfield>
    <subfield code="d">1906-1992</subfield>
  </datafield>
  <datafield tag="400" ind1="1" ind2=" ">
    <subfield code="a">Hinz, Walter,</subfield>
    <subfield code="d">1906-1992</subfield>
  </datafield>
  <datafield tag="400" ind1="1" ind2=" ">
    <subfield code="a">Khint︠s︡, V.</subfield>
    <subfield code="q">(Valʹter),</subfield>
    <subfield code="d">1906-1992</subfield>
  </datafield>
  <datafield tag="400" ind1="1" ind2=" ">
    <subfield code="a">Khint︠s︡, Valʹter,</subfield>
    <subfield code="d">1906-1992</subfield>
  </datafield>
  <datafield tag="400" ind1="1" ind2=" ">
    <subfield code="a">هينتس، والتر,</subfield>
    <subfield code="d">1906-1992</subfield>
  </datafield>
  <datafield tag="667" ind1=" " ind2=" ">
    <subfield code="a">Machine-derived non-Latin script reference project.</subfield>
  </datafield>
  <datafield tag="667" ind1=" " ind2=" ">
    <subfield code="a">Non-Latin script reference not evaluated.</subfield>
  </datafield>
  <datafield tag="670" ind1=" " ind2=" ">
    <subfield code="a">His Irans aufstieg zum nationalstaat im fünfzehnten jahrhundert ... 1936.</subfield>
  </datafield>
  <datafield tag="670" ind1=" " ind2=" ">
    <subfield code="a">OCLC, Mar. 18, 2008</subfield>
    <subfield code="b">(hdg.: Hinz, Walther, 1906- ; usage: Walther Hinz; Walter Hinz; V. Khint︠s︡; Vāltir Hīnts; Fāltir Hints; Vāltir Hīns)</subfield>
  </datafield>
  <datafield tag="670" ind1=" " ind2=" ">
    <subfield code="a">Wikidata via Wikipedia, December 31, 2019</subfield>
    <subfield code="b">(alias: Walther Hinz; sex or gender: male; LCAuth identifier: n50034990; VIAF identifier: 90048029; GND identifier: 10203642X; ISNI (P213): 0000000108879206; place of birth: Stuttgart; place of death: Göttingen; country of citizenship: Germany; instance of: human; member of political party: Nazi Party; date of birth: +1906-11-19T00:00:00Z; date of death: +1992-04-12T00:00:00Z; employer: University of Göttingen; given name: Walther; occupation: politician, university teacher; NTA identifier (Netherlands): 068142331; academic degree: doctorate; work location: Göttingen; member of: Sturmabteilung; BNE identifier: XX1775912; surname: Hinz; BnF identifier: 12073497x; SUDOC authorities: 029021782; languages spoken or published: German; SHARE Catalogue author ID (P3987): 218879; Persons of Indian Studies ID (P5632): 3000; NKC identifier: jcu2010602695; TDV \u0130slam Ansiklopedisi ID (P7314): hinz-walther; description/label: deutscher Iranologe, ditsche Bolitiker, Duits politicus , Duitse politikus, düütsch Politiker, German politician, personnalité politique allemande, polaiteoir Gearmánach, polític alemany, politician german, político alemán, politikan gjerman, professor académico alemão, saksalainen poliitikko, Saksamaa poliitik, tysk politiker, tysk professor, німецький політик, פוליטיקאי גרמני)</subfield>
    <subfield code="u">http://www.wikidata.org/entity/Q106038</subfield>
  </datafield>
  <datafield tag="952" ind1=" " ind2=" ">
    <subfield code="a">RETRO</subfield>
  </datafield>
  <datafield tag="953" ind1=" " ind2=" ">
    <subfield code="a">xx00</subfield>
  </datafield>
</record>