
<record>
  <leader>01539cz  a2200229n  4500</leader>
  <controlfield tag="001">3266529</controlfield>
  <controlfield tag="003">DLC</controlfield>
  <controlfield tag="005">20200101073322.0</controlfield>
  <controlfield tag="008">800903n| azannaabn          |n aaa      </controlfield>
  <datafield tag="010" ind1=" " ind2=" ">
    <subfield code="a">n  50052120 </subfield>
  </datafield>
  <datafield tag="035" ind1=" " ind2=" ">
    <subfield code="a">(OCoLC)oca00087044</subfield>
  </datafield>
  <datafield tag="040" ind1=" " ind2=" ">
    <subfield code="a">DLC</subfield>
    <subfield code="b">eng</subfield>
    <subfield code="e">rda</subfield>
    <subfield code="c">DLC</subfield>
    <subfield code="d">OU</subfield>
  </datafield>
  <datafield tag="046" ind1=" " ind2=" ">
    <subfield code="f">1907-07-23</subfield>
    <subfield code="g">1988-01-06</subfield>
    <subfield code="2">edtf</subfield>
  </datafield>
  <datafield tag="100" ind1="1" ind2=" ">
    <subfield code="a">Pause, Walter,</subfield>
    <subfield code="d">1907-1988</subfield>
  </datafield>
  <datafield tag="370" ind1=" " ind2=" ">
    <subfield code="a">Heidelberg (Germany)</subfield>
    <subfield code="2">naf</subfield>
  </datafield>
  <datafield tag="370" ind1=" " ind2=" ">
    <subfield code="b">Irschenhausen (Germany)</subfield>
  </datafield>
  <datafield tag="374" ind1=" " ind2=" ">
    <subfield code="a">Authors</subfield>
    <subfield code="a">Mountaineers</subfield>
    <subfield code="2">lcsh</subfield>
  </datafield>
  <datafield tag="375" ind1=" " ind2=" ">
    <subfield code="a">Males</subfield>
    <subfield code="2">lcdgt</subfield>
  </datafield>
  <datafield tag="670" ind1=" " ind2=" ">
    <subfield code="a">His Mit glücklichen Augen, 1948.</subfield>
  </datafield>
  <datafield tag="670" ind1=" " ind2=" ">
    <subfield code="a">Wikidata via Wikipedia, December 31, 2019</subfield>
    <subfield code="b">(alias: Walter Pause; LCAuth identifier: n50052120; VIAF identifier: 54890606; GND identifier: 116069686; ISNI (P213): 0000000110635577; place of birth: Heidelberg; country of citizenship: Germany; instance of: human; date of birth: +1907-07-23T00:00:00Z; date of death: +1988-01-06T00:00:00Z; occupation: author, writer; given name: Walter; NTA identifier (Netherlands): 069509352; work location: Munich; languages spoken or published: German; Filmportal ID (P2639): 7e04e6640f224763826e5ed71e3e9faf; IMDb identifier: nm3510720; place of death: Icking; BIBSYS identifier: 90901325; NUKAT authorities: n2009111057; surname: Pause; CONOR identifier: 131871843; sex or gender: male; NKC identifier: xx0181158; description/label: deutscher Schriftsteller und Bergsteiger, Duits auteur , German author, německý horolezec a spisovatel, údar Gearmánach)</subfield>
    <subfield code="u">http://www.wikidata.org/entity/Q2545747</subfield>
  </datafield>
  <datafield tag="952" ind1=" " ind2=" ">
    <subfield code="a">RETRO</subfield>
  </datafield>
  <datafield tag="953" ind1=" " ind2=" ">
    <subfield code="a">xx00</subfield>
  </datafield>
</record>