
<record>
  <leader>01985cz  a2200241n  4500</leader>
  <controlfield tag="001">3336363</controlfield>
  <controlfield tag="003">DLC</controlfield>
  <controlfield tag="005">20200101073152.0</controlfield>
  <controlfield tag="008">820927n| azannaabn          |a aaa      </controlfield>
  <datafield tag="010" ind1=" " ind2=" ">
    <subfield code="a">n  82101220 </subfield>
  </datafield>
  <datafield tag="035" ind1=" " ind2=" ">
    <subfield code="a">(OCoLC)oca00797781</subfield>
  </datafield>
  <datafield tag="040" ind1=" " ind2=" ">
    <subfield code="a">DLC</subfield>
    <subfield code="b">eng</subfield>
    <subfield code="e">rda</subfield>
    <subfield code="c">DLC</subfield>
    <subfield code="d">DLC</subfield>
    <subfield code="d">OU</subfield>
  </datafield>
  <datafield tag="046" ind1=" " ind2=" ">
    <subfield code="f">1908-03-07</subfield>
    <subfield code="g">1990-05-01</subfield>
    <subfield code="2">edtf</subfield>
  </datafield>
  <datafield tag="100" ind1="1" ind2=" ">
    <subfield code="a">Kuhn, Oskar,</subfield>
    <subfield code="d">1908-1990</subfield>
  </datafield>
  <datafield tag="370" ind1=" " ind2=" ">
    <subfield code="a">Munich (Germany)</subfield>
    <subfield code="b">Munich (Germany)</subfield>
    <subfield code="2">naf</subfield>
  </datafield>
  <datafield tag="374" ind1=" " ind2=" ">
    <subfield code="a">Paleontologists</subfield>
    <subfield code="a">College teachers</subfield>
    <subfield code="2">lcsh</subfield>
  </datafield>
  <datafield tag="375" ind1=" " ind2=" ">
    <subfield code="a">Males</subfield>
    <subfield code="2">lcdgt</subfield>
  </datafield>
  <datafield tag="400" ind1="1" ind2=" ">
    <subfield code="a">Kuhn, O.</subfield>
    <subfield code="q">(Oskar),</subfield>
    <subfield code="d">1908-1990</subfield>
  </datafield>
  <datafield tag="670" ind1=" " ind2=" ">
    <subfield code="a">His Die fossilen reptilien, 1937.</subfield>
  </datafield>
  <datafield tag="670" ind1=" " ind2=" ">
    <subfield code="a">His Testudines, 1964:</subfield>
    <subfield code="b">t.p. (O. Kuhn)</subfield>
  </datafield>
  <datafield tag="670" ind1=" " ind2=" ">
    <subfield code="a">Wikidata via Wikipedia, December 31, 2019</subfield>
    <subfield code="b">(alias: O. Kuhn, Oskar Kuhn; country of citizenship: Germany; VIAF identifier: 109824092; ISNI (P213): 0000000109337863; LCAuth identifier: n82101220; GND identifier: 116605545; place of birth: Munich; instance of: human; Freebase identifier: /m/05mn7m; date of birth: +1908-03-07T00:00:00Z; date of death: +1990-00-00T00:00:00Z; occupation: paleontologist, university teacher; employer: Ludwig Maximilian University of Munich, University of Halle-Wittenberg; academic degree: Doctor of Philosophy, habilitation; given name: Oskar; Catalogus Professorum Halensis (P2005): kuhnoskar; member of: Sturmabteilung; conflict: World War II; educated at: Ludwig Maximilian University of Munich; work location: Munich; NTA identifier (Netherlands): 069195706; religion: Catholicism; surname: Kuhn; SUDOC authorities: 142548308; languages spoken or published: German; BnF identifier: 12331985h; sex or gender: male; SHARE Catalogue author ID (P3987): 405684; NKC identifier: mzk2011662730; description/label: deutscher Paläontologe, Duits paleontoloog , German palaeontologist, paléontologue allemand , professor académico alemão, tysk paleontolog, tysk professor, أوسكار كون, オスカー・クーン)</subfield>
    <subfield code="u">http://www.wikidata.org/entity/Q99109</subfield>
  </datafield>
  <datafield tag="952" ind1=" " ind2=" ">
    <subfield code="a">RETRO</subfield>
  </datafield>
  <datafield tag="953" ind1=" " ind2=" ">
    <subfield code="a">xx00</subfield>
    <subfield code="b">ed03</subfield>
  </datafield>
</record>