
<record>
  <leader>00710cz  a2200217n  4500</leader>
  <controlfield tag="001">3359433</controlfield>
  <controlfield tag="003">DLC</controlfield>
  <controlfield tag="005">20200101073154.0</controlfield>
  <controlfield tag="008">831027n| azannaabn          |a aaa      </controlfield>
  <datafield tag="010" ind1=" " ind2=" ">
    <subfield code="a">n  83193310 </subfield>
  </datafield>
  <datafield tag="035" ind1=" " ind2=" ">
    <subfield code="a">(OCoLC)oca01007615</subfield>
  </datafield>
  <datafield tag="040" ind1=" " ind2=" ">
    <subfield code="a">DLC</subfield>
    <subfield code="b">eng</subfield>
    <subfield code="e">rda</subfield>
    <subfield code="c">DLC</subfield>
    <subfield code="d">DLC</subfield>
    <subfield code="d">Sd</subfield>
  </datafield>
  <datafield tag="046" ind1=" " ind2=" ">
    <subfield code="f">1918-08-18</subfield>
    <subfield code="2">edtf</subfield>
  </datafield>
  <datafield tag="100" ind1="1" ind2=" ">
    <subfield code="a">Perry, Bill,</subfield>
    <subfield code="d">1918-</subfield>
  </datafield>
  <datafield tag="375" ind1=" " ind2=" ">
    <subfield code="a">Males</subfield>
    <subfield code="2">lcdgt</subfield>
  </datafield>
  <datafield tag="377" ind1=" " ind2=" ">
    <subfield code="a">eng</subfield>
  </datafield>
  <datafield tag="400" ind1="1" ind2=" ">
    <subfield code="a">Perry, William L.,</subfield>
    <subfield code="d">1918-</subfield>
  </datafield>
  <datafield tag="670" ind1=" " ind2=" ">
    <subfield code="a">His A Sierra Club naturalist&apos;s guide to the Middle Atlantic Coast, 1984:</subfield>
    <subfield code="b">CIP t.p. (Bill Perry)</subfield>
  </datafield>
  <datafield tag="670" ind1=" " ind2=" ">
    <subfield code="a">LC data base, 8/5/83</subfield>
    <subfield code="b">(hdg.: Perry, Bill)</subfield>
  </datafield>
  <datafield tag="670" ind1=" " ind2=" ">
    <subfield code="a">Ph. call to publ., 8/5/83</subfield>
    <subfield code="b">(William L. Perry is full name of Bill Perry; b. 8/18/18)</subfield>
  </datafield>
  <datafield tag="953" ind1=" " ind2=" ">
    <subfield code="a">ba30</subfield>
    <subfield code="b">ef10</subfield>
  </datafield>
</record>