
<record>
  <leader>02040cz  a2200217n  4500</leader>
  <controlfield tag="001">3378908</controlfield>
  <controlfield tag="003">DLC</controlfield>
  <controlfield tag="005">20200101073205.0</controlfield>
  <controlfield tag="008">841203n| azannaabn          |n aaa      </controlfield>
  <datafield tag="010" ind1=" " ind2=" ">
    <subfield code="a">n  84178720 </subfield>
  </datafield>
  <datafield tag="035" ind1=" " ind2=" ">
    <subfield code="a">(OCoLC)oca01216956</subfield>
  </datafield>
  <datafield tag="040" ind1=" " ind2=" ">
    <subfield code="a">DLC</subfield>
    <subfield code="b">eng</subfield>
    <subfield code="e">rda</subfield>
    <subfield code="c">DLC</subfield>
    <subfield code="d">DLC</subfield>
    <subfield code="d">OU</subfield>
  </datafield>
  <datafield tag="046" ind1=" " ind2=" ">
    <subfield code="f">1905-12-26</subfield>
    <subfield code="g">1977-12-29</subfield>
    <subfield code="2">edtf</subfield>
  </datafield>
  <datafield tag="100" ind1="1" ind2=" ">
    <subfield code="a">Beissner, Friedrich,</subfield>
    <subfield code="d">1905-1977</subfield>
  </datafield>
  <datafield tag="370" ind1=" " ind2=" ">
    <subfield code="a">Hameln (Germany)</subfield>
    <subfield code="b">Tübingen (Germany)</subfield>
    <subfield code="2">naf</subfield>
  </datafield>
  <datafield tag="374" ind1=" " ind2=" ">
    <subfield code="a">Germanists</subfield>
    <subfield code="a">Literary historians</subfield>
    <subfield code="a">Philologists</subfield>
    <subfield code="a">College teachers</subfield>
    <subfield code="2">lcsh</subfield>
  </datafield>
  <datafield tag="375" ind1=" " ind2=" ">
    <subfield code="a">Males</subfield>
    <subfield code="2">lcdgt</subfield>
  </datafield>
  <datafield tag="670" ind1=" " ind2=" ">
    <subfield code="a">His Der Erzähler Franz Kafka, 1983:</subfield>
    <subfield code="b">t.p. (Friedrich Beissner) p. 2 (1905-1977)</subfield>
  </datafield>
  <datafield tag="670" ind1=" " ind2=" ">
    <subfield code="a">LC data base, 11-26-84</subfield>
    <subfield code="b">(hdg.: Beissner, Friedrich, 1905-)</subfield>
  </datafield>
  <datafield tag="670" ind1=" " ind2=" ">
    <subfield code="a">Wikidata via Wikipedia, December 31, 2019</subfield>
    <subfield code="b">(alias: Friedrich Beissner; sex or gender: male; LCAuth identifier: n84178720; VIAF identifier: 97660922; GND identifier: 118508512; place of birth: Hamelin; place of death: Tübingen; country of citizenship: Germany; employer: University of Tübingen; instance of: human; member of political party: Nazi Party; date of birth: +1905-12-26T00:00:00Z; date of death: +1977-12-29T00:00:00Z; member of: Sturmabteilung, Heidelberg Academy for Sciences and Humanities; given name: Friedrich; NTA identifier (Netherlands): 070662940; occupation: literary historian, germanist, philologist, university teacher; Heidelberg Academy for Sciences and Humanities member ID (P2273): 366; surname: Beissner; work location: Tübingen; SHARE Catalogue author ID (P3987): 162222; ISNI (P213): 0000000121446763; languages spoken or published: German; FAST-ID: 139703; People Australia identifier: 1085482; SUDOC authorities: 030169550; BnF identifier: 121641096; NKC identifier: xx0138766; Brockhaus Enzyklop\u00e4die online ID (P5019): beissner-friedrich; description/label: deutscher Germanist, Duits literatuurhistoricus , German literary historian, professor académico alemão, tysk professor, フリードリッヒ・バイスナー)</subfield>
    <subfield code="u">http://www.wikidata.org/entity/Q1458386</subfield>
  </datafield>
  <datafield tag="953" ind1=" " ind2=" ">
    <subfield code="a">eb08</subfield>
  </datafield>
</record>