
<record>
  <leader>02000cz  a2200229n  4500</leader>
  <controlfield tag="001">3408324</controlfield>
  <controlfield tag="003">DLC</controlfield>
  <controlfield tag="005">20200101073203.0</controlfield>
  <controlfield tag="008">860430n| azannaabn          |n aaa      </controlfield>
  <datafield tag="010" ind1=" " ind2=" ">
    <subfield code="a">n  85269130 </subfield>
  </datafield>
  <datafield tag="035" ind1=" " ind2=" ">
    <subfield code="a">(OCoLC)oca01578676</subfield>
  </datafield>
  <datafield tag="040" ind1=" " ind2=" ">
    <subfield code="a">DLC</subfield>
    <subfield code="b">eng</subfield>
    <subfield code="e">rda</subfield>
    <subfield code="c">DLC</subfield>
    <subfield code="d">DLC</subfield>
    <subfield code="d">OU</subfield>
  </datafield>
  <datafield tag="046" ind1=" " ind2=" ">
    <subfield code="f">1900-05-07</subfield>
    <subfield code="g">1982-01-30</subfield>
    <subfield code="2">edtf</subfield>
  </datafield>
  <datafield tag="100" ind1="1" ind2=" ">
    <subfield code="a">Maurer, Wilhelm,</subfield>
    <subfield code="d">1900-1982</subfield>
  </datafield>
  <datafield tag="370" ind1=" " ind2=" ">
    <subfield code="a">Kassel (Germany)</subfield>
    <subfield code="b">Erlangen (Germany)</subfield>
    <subfield code="2">naf</subfield>
  </datafield>
  <datafield tag="374" ind1=" " ind2=" ">
    <subfield code="a">Church historians</subfield>
    <subfield code="a">College teachers</subfield>
    <subfield code="2">lcsh</subfield>
  </datafield>
  <datafield tag="375" ind1=" " ind2=" ">
    <subfield code="a">Males</subfield>
    <subfield code="2">lcdgt</subfield>
  </datafield>
  <datafield tag="670" ind1=" " ind2=" ">
    <subfield code="a">His Historical commentary on the Augsburg Confession, c1986:</subfield>
    <subfield code="b">CIP t.p. (Wilhelm Maurer)</subfield>
  </datafield>
  <datafield tag="670" ind1=" " ind2=" ">
    <subfield code="a">LC data base, 4/28/86</subfield>
    <subfield code="b">(hdg.: Maurer, Wilhelm, 1900- )</subfield>
  </datafield>
  <datafield tag="670" ind1=" " ind2=" ">
    <subfield code="a">Kürsch. Gel. Kal., 1983</subfield>
    <subfield code="b">(Maurer, Wilhelm; d. 1/30/82)</subfield>
  </datafield>
  <datafield tag="670" ind1=" " ind2=" ">
    <subfield code="a">Wikidata via Wikipedia, December 31, 2019</subfield>
    <subfield code="b">(alias: Wilhelm Maurer; instance of: human; sex or gender: male; given name: Wilhelm; date of birth: +1900-05-07T00:00:00Z; date of death: +1982-01-30T00:00:00Z; VIAF identifier: 111232901; GND identifier: 118732080; LCAuth identifier: n85269130; occupation: university teacher; country of citizenship: Germany; member of: Bavarian Academy of Sciences and Humanities; employer: University of Erlangen-Nuremberg, University of Marburg; place of birth: Kassel; ISNI (P213): 0000000109354807; languages spoken or published: German; BIBSYS identifier: 90328671; BAV (Vatican Library) identifier: ADV10078702; NUKAT authorities: n2008143416; NLP identifier: A10616627; award received: Bavarian Order of Merit; SHARE Catalogue author ID (P3987): 206369; FAST-ID: 175535; NTA identifier (Netherlands): 068534817; Angelicum author ID (P5731): 32184; SUDOC authorities: 082082243; NKC identifier: uk2017972775; surname: Maurer; PUSC author ID (P5739): 51763; description/label: Duits hoogleraar , German university teacher , Hochschullehrer, profesor universitariu alemán , tysk professor, أستاذ جامعي ألماني, ويلهلم مورير)</subfield>
    <subfield code="u">http://www.wikidata.org/entity/Q21035289</subfield>
  </datafield>
  <datafield tag="953" ind1=" " ind2=" ">
    <subfield code="a">bt10</subfield>
  </datafield>
</record>