
<record>
  <leader>00802cz  a2200205n  4500</leader>
  <controlfield tag="001">3507613</controlfield>
  <controlfield tag="003">DLC</controlfield>
  <controlfield tag="005">20200101073217.0</controlfield>
  <controlfield tag="008">891016n| azannaab|          |a aaa      </controlfield>
  <datafield tag="010" ind1=" " ind2=" ">
    <subfield code="a">n  89657650 </subfield>
  </datafield>
  <datafield tag="016" ind1=" " ind2=" ">
    <subfield code="a">1000L7032E</subfield>
  </datafield>
  <datafield tag="035" ind1=" " ind2=" ">
    <subfield code="a">(OCoLC)oca02617288</subfield>
  </datafield>
  <datafield tag="040" ind1=" " ind2=" ">
    <subfield code="a">DLC</subfield>
    <subfield code="b">eng</subfield>
    <subfield code="e">rda</subfield>
    <subfield code="c">DLC</subfield>
    <subfield code="d">DLC</subfield>
    <subfield code="d">CaOONL</subfield>
  </datafield>
  <datafield tag="042" ind1=" " ind2=" ">
    <subfield code="a">nlc</subfield>
  </datafield>
  <datafield tag="100" ind1="1" ind2=" ">
    <subfield code="a">MacIntosh, Jeffrey G.</subfield>
  </datafield>
  <datafield tag="400" ind1="1" ind2=" ">
    <subfield code="a">Macintosh, Jeff</subfield>
  </datafield>
  <datafield tag="670" ind1=" " ind2=" ">
    <subfield code="a">nuc89-90993: Iacobucci, F. Shareholder voting &amp; appraisal rights ... 1985</subfield>
    <subfield code="b">(hdg. on CaBVaU rept.: Macintosh, Jeff; usage: Jeff Macintosh)</subfield>
  </datafield>
  <datafield tag="670" ind1=" " ind2=" ">
    <subfield code="a">Competitive industrial development in the age of information, 1999:</subfield>
    <subfield code="b">CIP t.p. (Jeffrey G. MacIntosh) galley (prof., law, Univ. of Toronto) data sheet (b. 01-19-1954)</subfield>
  </datafield>
  <datafield tag="670" ind1=" " ind2=" ">
    <subfield code="a">NLC fiche 12-24-97</subfield>
    <subfield code="b">(hdg.: MacIntosh, Jeffrey G.)</subfield>
  </datafield>
  <datafield tag="953" ind1=" " ind2=" ">
    <subfield code="a">ne03</subfield>
    <subfield code="b">se40</subfield>
  </datafield>
</record>