
<record>
  <leader>01105cz  a2200241n  4500</leader>
  <controlfield tag="001">3523341</controlfield>
  <controlfield tag="003">DLC</controlfield>
  <controlfield tag="005">20200101073126.0</controlfield>
  <controlfield tag="008">900927n| azannaabn          |b aaa      </controlfield>
  <datafield tag="010" ind1=" " ind2=" ">
    <subfield code="a">n  90698600 </subfield>
  </datafield>
  <datafield tag="035" ind1=" " ind2=" ">
    <subfield code="a">(OCoLC)oca02823815</subfield>
  </datafield>
  <datafield tag="040" ind1=" " ind2=" ">
    <subfield code="a">DLC</subfield>
    <subfield code="b">eng</subfield>
    <subfield code="c">DLC</subfield>
    <subfield code="d">DLC</subfield>
    <subfield code="d">OCoLC</subfield>
    <subfield code="e">rda</subfield>
    <subfield code="d">DNLM</subfield>
  </datafield>
  <datafield tag="100" ind1="1" ind2=" ">
    <subfield code="a">Stegniĭ, V. N.</subfield>
  </datafield>
  <datafield tag="378" ind1=" " ind2=" ">
    <subfield code="q">Vladimir Nikolaevich</subfield>
  </datafield>
  <datafield tag="400" ind1="1" ind2=" ">
    <subfield code="a">Стегний, В. Н.</subfield>
  </datafield>
  <datafield tag="400" ind1="1" ind2=" ">
    <subfield code="a">Stegniĭ, Vladimir Nikolaevich</subfield>
  </datafield>
  <datafield tag="400" ind1="1" ind2=" ">
    <subfield code="a">Стегний, Владимир Николаевич</subfield>
  </datafield>
  <datafield tag="667" ind1=" " ind2=" ">
    <subfield code="a">Machine-derived non-Latin script reference project.</subfield>
  </datafield>
  <datafield tag="667" ind1=" " ind2=" ">
    <subfield code="a">Non-Latin script reference not evaluated.</subfield>
  </datafield>
  <datafield tag="670" ind1=" " ind2=" ">
    <subfield code="a">Mirzaeva, A. G. Krovososushchie mokret︠s︡y (Diptera, Ceratopogonidae) Sibiri i Dalʹnego Vostoka, 1989:</subfield>
    <subfield code="b">t.p. (V.N. Stegniĭ, doktor biologicheskikh nauk)</subfield>
  </datafield>
  <datafield tag="670" ind1=" " ind2=" ">
    <subfield code="a">Genetika salʹtat︠s︡ionnogo vidoobrazovanii︠a︡ i sistemnye mutat︠s︡ii, 2019:</subfield>
    <subfield code="b">t.p. (В.Н. Стегний = V.N. Stegniĭ) colophon (Стегний Владимир Николаевич = Stegniĭ Vladimir Nikolaevich)</subfield>
  </datafield>
  <datafield tag="952" ind1=" " ind2=" ">
    <subfield code="a">*ee26 ffd. 8 10-09-90</subfield>
  </datafield>
  <datafield tag="953" ind1=" " ind2=" ">
    <subfield code="a">ee32</subfield>
    <subfield code="b">ee26</subfield>
  </datafield>
</record>