
<record>
  <leader>01131cz  a2200277n  4500</leader>
  <controlfield tag="001">3620358</controlfield>
  <controlfield tag="003">DLC</controlfield>
  <controlfield tag="005">20200101073213.0</controlfield>
  <controlfield tag="008">950712n| azannaabn          |a aaa      </controlfield>
  <datafield tag="010" ind1=" " ind2=" ">
    <subfield code="a">n  95068240 </subfield>
  </datafield>
  <datafield tag="035" ind1=" " ind2=" ">
    <subfield code="a">(OCoLC)oca03874898</subfield>
  </datafield>
  <datafield tag="040" ind1=" " ind2=" ">
    <subfield code="a">DLC</subfield>
    <subfield code="b">eng</subfield>
    <subfield code="e">rda</subfield>
    <subfield code="c">DLC</subfield>
    <subfield code="d">DLC</subfield>
    <subfield code="d">OCoLC</subfield>
  </datafield>
  <datafield tag="046" ind1=" " ind2=" ">
    <subfield code="f">1951-01-28</subfield>
    <subfield code="2">edtf</subfield>
  </datafield>
  <datafield tag="100" ind1="1" ind2=" ">
    <subfield code="a">Vagapov, A. D.</subfield>
  </datafield>
  <datafield tag="370" ind1=" " ind2=" ">
    <subfield code="a">Groznyĭ (Russia)</subfield>
    <subfield code="2">naf</subfield>
  </datafield>
  <datafield tag="372" ind1=" " ind2=" ">
    <subfield code="a">Philology</subfield>
    <subfield code="2">lcsh</subfield>
  </datafield>
  <datafield tag="373" ind1=" " ind2=" ">
    <subfield code="a">Groznenskiĭ gosudarstvennyĭ nefti︠a︡noĭ tekhnicheskiĭ universitet imeni akademika M.D. Millionshchikova</subfield>
    <subfield code="2">naf</subfield>
  </datafield>
  <datafield tag="374" ind1=" " ind2=" ">
    <subfield code="a">Associate professor</subfield>
  </datafield>
  <datafield tag="377" ind1=" " ind2=" ">
    <subfield code="a">rus</subfield>
  </datafield>
  <datafield tag="400" ind1="1" ind2=" ">
    <subfield code="a">Vagapov, Dzhamalaĭlin Ḣarbi</subfield>
  </datafield>
  <datafield tag="400" ind1="1" ind2=" ">
    <subfield code="a">Vagapov, Arbi</subfield>
  </datafield>
  <datafield tag="400" ind1="1" ind2=" ">
    <subfield code="a">Vagapov, Arbi Dzhamalailovich</subfield>
  </datafield>
  <datafield tag="670" ind1=" " ind2=" ">
    <subfield code="a">Slavi︠a︡no-nakhskie leksicheskie paralleli, 1994:</subfield>
    <subfield code="b">t.p. (A.D. Vagapov)</subfield>
  </datafield>
  <datafield tag="670" ind1=" " ind2=" ">
    <subfield code="a">Ingals-nokhchiĭn deshnizhaĭna, 1999:</subfield>
    <subfield code="b">t.p. (A.D. Vagapov) colophon (Vagapov Dzhamalaĭlin Ḣarbi)</subfield>
  </datafield>
  <datafield tag="670" ind1=" " ind2=" ">
    <subfield code="a">Chechen-English and English-Chechen dictionary, 2004:</subfield>
    <subfield code="b">CIP t.p. (Arbi Vagapov) data sheet (Vagapov, Arbi Dzhamalailovich; b. Jan. 28, 1951, kand. filologicheskikh nauk)</subfield>
  </datafield>
  <datafield tag="953" ind1=" " ind2=" ">
    <subfield code="a">le04</subfield>
    <subfield code="b">fe11</subfield>
  </datafield>
</record>