
<record>
  <leader>01798cz  a2200301n  4500</leader>
  <controlfield tag="001">3729908</controlfield>
  <controlfield tag="003">DLC</controlfield>
  <controlfield tag="005">20200101073142.0</controlfield>
  <controlfield tag="008">800613n| azannaabn          |a aaa      </controlfield>
  <datafield tag="010" ind1=" " ind2=" ">
    <subfield code="a">n  50030263 </subfield>
  </datafield>
  <datafield tag="035" ind1=" " ind2=" ">
    <subfield code="a">(OCoLC)oca00065631</subfield>
  </datafield>
  <datafield tag="040" ind1=" " ind2=" ">
    <subfield code="a">DLC</subfield>
    <subfield code="b">eng</subfield>
    <subfield code="e">rda</subfield>
    <subfield code="c">DLC</subfield>
    <subfield code="d">DLC</subfield>
    <subfield code="d">NjP</subfield>
    <subfield code="d">CSt</subfield>
    <subfield code="d">OU</subfield>
  </datafield>
  <datafield tag="046" ind1=" " ind2=" ">
    <subfield code="f">1903</subfield>
    <subfield code="g">1988</subfield>
    <subfield code="2">edtf</subfield>
  </datafield>
  <datafield tag="100" ind1="1" ind2=" ">
    <subfield code="a">Ehrmann, Elieser L.,</subfield>
    <subfield code="d">1903-1988</subfield>
  </datafield>
  <datafield tag="370" ind1=" " ind2=" ">
    <subfield code="a">Germany</subfield>
    <subfield code="e">United States</subfield>
    <subfield code="2">naf</subfield>
  </datafield>
  <datafield tag="374" ind1=" " ind2=" ">
    <subfield code="a">Educators</subfield>
    <subfield code="a">Authors</subfield>
    <subfield code="2">lcsh</subfield>
  </datafield>
  <datafield tag="375" ind1=" " ind2=" ">
    <subfield code="a">Males</subfield>
    <subfield code="2">lcdgt</subfield>
  </datafield>
  <datafield tag="378" ind1=" " ind2=" ">
    <subfield code="q">Elieser Leo</subfield>
  </datafield>
  <datafield tag="400" ind1="1" ind2=" ">
    <subfield code="a">Ehrmann, Elieser Leo,</subfield>
    <subfield code="d">1903-1988</subfield>
  </datafield>
  <datafield tag="400" ind1="1" ind2=" ">
    <subfield code="w">nnea</subfield>
    <subfield code="a">Ehrmann, Eliezer L.,</subfield>
    <subfield code="d">1903-</subfield>
  </datafield>
  <datafield tag="400" ind1="1" ind2=" ">
    <subfield code="a">Ehrmann, Eliezer L.,</subfield>
    <subfield code="d">1903-1988</subfield>
  </datafield>
  <datafield tag="670" ind1=" " ind2=" ">
    <subfield code="a">Author&apos;s Pessach, 1938:</subfield>
    <subfield code="b">title page (Elieser L. Ehrmann)</subfield>
  </datafield>
  <datafield tag="670" ind1=" " ind2=" ">
    <subfield code="a">His Arbeitsplan für Omerzeit und Schawuot, 1938:</subfield>
    <subfield code="b">t.p. (Dr. Elieser L. Ehrmann)</subfield>
  </datafield>
  <datafield tag="670" ind1=" " ind2=" ">
    <subfield code="a">Readings in modern Jewish history, 1977:</subfield>
    <subfield code="b">(Eliezer L. Ehrmann)</subfield>
  </datafield>
  <datafield tag="670" ind1=" " ind2=" ">
    <subfield code="a">German National Library via VIAF, Dec. 31, 2019</subfield>
    <subfield code="b">(identifier: http://d-nb.info/gnd/173194532; GAC: XA-DE XD-US; preferred: Ehrmann, Elieser L. 1903-1988; gender: 1; variant: Ehrmann, E.; Ehrmann, E. L.; Ehrmann, Eliezer L.; Ehrmann, Elisier; Ehrmann, Elieser Leo; related: Osten-Sacken, Peter ₈von der₋, 1940-)</subfield>
    <subfield code="u">http://www.viaf.org/processed/DNB%7C173194532</subfield>
  </datafield>
  <datafield tag="670" ind1=" " ind2=" ">
    <subfield code="a">National Library of the Czech Republic via VIAF, Dec. 31, 2019</subfield>
    <subfield code="b">(born: 1903; died: 1988; preferred: Ehrmann, Elieser L., 1903-1988; country: Německo, Spojené státy americké; field of activity: judaismus, židovské svátky; occupation: pedagogové; gender: muž; variant: Ehrmann, E.; Ehrmann, E. L.; Ehrmann, Elieser Leo; Ehrmann, Eliezer L.; Ehrmann, Elisier; biographical/historical: Německý pedagog.)</subfield>
    <subfield code="u">http://www.viaf.org/processed/NKC%7Czmp2016918703</subfield>
  </datafield>
  <datafield tag="952" ind1=" " ind2=" ">
    <subfield code="a">RETRO</subfield>
  </datafield>
  <datafield tag="953" ind1=" " ind2=" ">
    <subfield code="a">xx00</subfield>
    <subfield code="b">ta03</subfield>
  </datafield>
</record>