
<record>
  <leader>00983cz  a2200241n  4500</leader>
  <controlfield tag="001">3744388</controlfield>
  <controlfield tag="003">DLC</controlfield>
  <controlfield tag="005">20200101073156.0</controlfield>
  <controlfield tag="008">781023n| azannaabn          |a ana      </controlfield>
  <datafield tag="010" ind1=" " ind2=" ">
    <subfield code="a">n  78078163 </subfield>
  </datafield>
  <datafield tag="035" ind1=" " ind2=" ">
    <subfield code="a">(OCoLC)oca00213519</subfield>
  </datafield>
  <datafield tag="040" ind1=" " ind2=" ">
    <subfield code="a">DLC</subfield>
    <subfield code="b">eng</subfield>
    <subfield code="e">rda</subfield>
    <subfield code="c">DLC</subfield>
    <subfield code="d">OCoLC</subfield>
    <subfield code="d">DLC</subfield>
    <subfield code="d">DNLM</subfield>
  </datafield>
  <datafield tag="110" ind1="1" ind2=" ">
    <subfield code="a">Alberta.</subfield>
    <subfield code="b">Department of Public Health</subfield>
  </datafield>
  <datafield tag="410" ind1="1" ind2=" ">
    <subfield code="w">nnea</subfield>
    <subfield code="a">Alberta.</subfield>
    <subfield code="b">Dept. of Public Health</subfield>
  </datafield>
  <datafield tag="410" ind1="1" ind2=" ">
    <subfield code="a">Alberta.</subfield>
    <subfield code="b">Public Health, Department of</subfield>
  </datafield>
  <datafield tag="410" ind1="1" ind2=" ">
    <subfield code="a">Alberta.</subfield>
    <subfield code="b">Department of Provincial Public Health</subfield>
  </datafield>
  <datafield tag="510" ind1="1" ind2=" ">
    <subfield code="w">b</subfield>
    <subfield code="a">Alberta.</subfield>
    <subfield code="b">Department of Health</subfield>
  </datafield>
  <datafield tag="667" ind1=" " ind2=" ">
    <subfield code="a">Retrospective heading</subfield>
  </datafield>
  <datafield tag="670" ind1=" " ind2=" ">
    <subfield code="a">Canadian almanac, 1927</subfield>
    <subfield code="b">(Minister of Public Health)</subfield>
  </datafield>
  <datafield tag="670" ind1=" " ind2=" ">
    <subfield code="a">Its Annual report, 1925</subfield>
    <subfield code="b">(Dept. of Public Health)</subfield>
  </datafield>
  <datafield tag="670" ind1=" " ind2=" ">
    <subfield code="a">NLC 3/20/81</subfield>
    <subfield code="b">(AACR 2: Alberta. Dept. of Public Health; est. 4/17/19, name changed to Dept. of Health 4/1/67)</subfield>
  </datafield>
  <datafield tag="670" ind1=" " ind2=" ">
    <subfield code="a">Hospitals and sanatoria, 1948:</subfield>
    <subfield code="b">title page (Provincial Department of Public Health, Edmonton, Alberta)</subfield>
  </datafield>
  <datafield tag="953" ind1=" " ind2=" ">
    <subfield code="a">ef07</subfield>
    <subfield code="b">da10</subfield>
  </datafield>
</record>