
<record>
  <leader>01397cz  a2200277n  4500</leader>
  <controlfield tag="001">3752413</controlfield>
  <controlfield tag="003">DLC</controlfield>
  <controlfield tag="005">20200101073149.0</controlfield>
  <controlfield tag="008">790801n| azannaabn          |n aaa      </controlfield>
  <datafield tag="010" ind1=" " ind2=" ">
    <subfield code="a">n  79063183 </subfield>
  </datafield>
  <datafield tag="035" ind1=" " ind2=" ">
    <subfield code="a">(CaEvSKY)skya1377078</subfield>
  </datafield>
  <datafield tag="035" ind1=" " ind2=" ">
    <subfield code="a">(OCoLC)oca00296133</subfield>
  </datafield>
  <datafield tag="040" ind1=" " ind2=" ">
    <subfield code="a">DLC</subfield>
    <subfield code="b">eng</subfield>
    <subfield code="e">rda</subfield>
    <subfield code="c">DLC</subfield>
    <subfield code="d">OCoLC</subfield>
    <subfield code="d">DLC</subfield>
    <subfield code="d">MH</subfield>
    <subfield code="d">MX-SlUA</subfield>
    <subfield code="d">OCoLC</subfield>
  </datafield>
  <datafield tag="046" ind1=" " ind2=" ">
    <subfield code="f">1932-05-26</subfield>
    <subfield code="g">2019-03-04</subfield>
    <subfield code="2">edtf</subfield>
  </datafield>
  <datafield tag="100" ind1="1" ind2=" ">
    <subfield code="a">Verba, Sidney</subfield>
  </datafield>
  <datafield tag="370" ind1=" " ind2=" ">
    <subfield code="a">Brooklyn (New York, N.Y.)</subfield>
    <subfield code="b">Cambridge (Mass.)</subfield>
    <subfield code="2">naf</subfield>
  </datafield>
  <datafield tag="373" ind1=" " ind2=" ">
    <subfield code="a">Harvard University</subfield>
    <subfield code="2">naf</subfield>
  </datafield>
  <datafield tag="374" ind1=" " ind2=" ">
    <subfield code="a">Political scientists</subfield>
    <subfield code="2">lcdgt</subfield>
  </datafield>
  <datafield tag="375" ind1=" " ind2=" ">
    <subfield code="a">Males</subfield>
    <subfield code="2">lcdgt</subfield>
  </datafield>
  <datafield tag="377" ind1=" " ind2=" ">
    <subfield code="a">eng</subfield>
  </datafield>
  <datafield tag="670" ind1=" " ind2=" ">
    <subfield code="a">Author&apos;s Small groups and political behavior, 1961.</subfield>
  </datafield>
  <datafield tag="670" ind1=" " ind2=" ">
    <subfield code="a">Biog. resource center (Contemp. authors), Apr. 22, 2009</subfield>
    <subfield code="b">(Sidney Verba; b. May 26, 1932, Brooklyn, N.Y.; Princeton University, Ph. D., 1959; Harvard University, professor of government, 1972- )</subfield>
  </datafield>
  <datafield tag="670" ind1=" " ind2=" ">
    <subfield code="a">The Harvard gazette, viewed online 12 March 2019:</subfield>
    <subfield code="b">Sidney Verba dies at 86, dated March 7, 2019 (d. Monday [March 4, 2019] in Cambridge; &quot;one of the world&apos;s most prominent political scientists&quot;; Carl H. Pforzheimer University Professor Emeritus and research professor of government; graduated from Harvard College, 1953)</subfield>
  </datafield>
  <datafield tag="670" ind1=" " ind2=" ">
    <subfield code="a">El diseño de la investigación social:la inferencia científica en los estudios cualitativos, 2000:</subfield>
    <subfield code="b">title page (Sidney Verba)</subfield>
  </datafield>
  <datafield tag="952" ind1=" " ind2=" ">
    <subfield code="a">RETRO</subfield>
  </datafield>
  <datafield tag="953" ind1=" " ind2=" ">
    <subfield code="a">xx00</subfield>
    <subfield code="b">td07</subfield>
  </datafield>
</record>