
<record>
  <leader>03176cz  a2200409n  4500</leader>
  <controlfield tag="001">3765816</controlfield>
  <controlfield tag="003">DLC</controlfield>
  <controlfield tag="005">20200101073151.0</controlfield>
  <controlfield tag="008">800612n| azannaabn          |a aaa      </controlfield>
  <datafield tag="010" ind1=" " ind2=" ">
    <subfield code="a">n  80051993 </subfield>
  </datafield>
  <datafield tag="035" ind1=" " ind2=" ">
    <subfield code="a">(OCoLC)oca00433827</subfield>
  </datafield>
  <datafield tag="040" ind1=" " ind2=" ">
    <subfield code="a">DLC</subfield>
    <subfield code="b">eng</subfield>
    <subfield code="e">rda</subfield>
    <subfield code="c">DLC</subfield>
    <subfield code="d">OCoLC</subfield>
    <subfield code="d">ICU</subfield>
  </datafield>
  <datafield tag="046" ind1=" " ind2=" ">
    <subfield code="f">1861-11-03</subfield>
    <subfield code="g">1946-12-02</subfield>
    <subfield code="2">edtf</subfield>
  </datafield>
  <datafield tag="100" ind1="1" ind2=" ">
    <subfield code="a">Neuzil, Procopius Charles,</subfield>
    <subfield code="d">1861-1946</subfield>
  </datafield>
  <datafield tag="368" ind1=" " ind2=" ">
    <subfield code="c">Czech Americans</subfield>
    <subfield code="2">lcsh</subfield>
  </datafield>
  <datafield tag="370" ind1=" " ind2=" ">
    <subfield code="a">Bechyně (Czech Republic)</subfield>
    <subfield code="2">naf</subfield>
  </datafield>
  <datafield tag="370" ind1=" " ind2=" ">
    <subfield code="c">United States</subfield>
    <subfield code="2">naf</subfield>
    <subfield code="s">1874</subfield>
    <subfield code="t">1946</subfield>
  </datafield>
  <datafield tag="370" ind1=" " ind2=" ">
    <subfield code="e">Spillville (Iowa)</subfield>
    <subfield code="e">Latrobe (Pa.)</subfield>
    <subfield code="e">Chicago (Ill.)</subfield>
    <subfield code="e">Lisle (Ill.)</subfield>
    <subfield code="2">naf</subfield>
  </datafield>
  <datafield tag="372" ind1=" " ind2=" ">
    <subfield code="a">Catholic press</subfield>
    <subfield code="a">Ethnic press</subfield>
    <subfield code="a">Education</subfield>
    <subfield code="2">lcsh</subfield>
  </datafield>
  <datafield tag="373" ind1=" " ind2=" ">
    <subfield code="a">Catholic Church</subfield>
    <subfield code="2">naf</subfield>
  </datafield>
  <datafield tag="373" ind1=" " ind2=" ">
    <subfield code="a">Benedictines</subfield>
    <subfield code="2">naf</subfield>
  </datafield>
  <datafield tag="373" ind1=" " ind2=" ">
    <subfield code="a">Bohemian Benedictine Order</subfield>
    <subfield code="2">naf</subfield>
  </datafield>
  <datafield tag="373" ind1=" " ind2=" ">
    <subfield code="a">St. Procopius Abbey (Lisle, Ill.)</subfield>
    <subfield code="2">naf</subfield>
  </datafield>
  <datafield tag="373" ind1=" " ind2=" ">
    <subfield code="a">St. Procopius Seminary (Lisle, Ill.)</subfield>
    <subfield code="2">naf</subfield>
  </datafield>
  <datafield tag="374" ind1=" " ind2=" ">
    <subfield code="a">Monks</subfield>
    <subfield code="a">Clergy</subfield>
    <subfield code="a">Abbots</subfield>
    <subfield code="a">Religious educators</subfield>
    <subfield code="a">Editors</subfield>
    <subfield code="2">lcsh</subfield>
  </datafield>
  <datafield tag="375" ind1=" " ind2=" ">
    <subfield code="a">Males</subfield>
    <subfield code="2">lcdgt</subfield>
  </datafield>
  <datafield tag="377" ind1=" " ind2=" ">
    <subfield code="a">cze</subfield>
    <subfield code="a">eng</subfield>
  </datafield>
  <datafield tag="400" ind1="1" ind2=" ">
    <subfield code="a">Neuzil, Procopius Chas.</subfield>
    <subfield code="q">(Procopius Charles),</subfield>
    <subfield code="d">1861-1946</subfield>
  </datafield>
  <datafield tag="400" ind1="1" ind2=" ">
    <subfield code="a">Neužil, Prokop,</subfield>
    <subfield code="d">1861-1946</subfield>
  </datafield>
  <datafield tag="400" ind1="1" ind2=" ">
    <subfield code="a">Neužil, Karel,</subfield>
    <subfield code="d">1861-1946</subfield>
  </datafield>
  <datafield tag="667" ind1=" " ind2=" ">
    <subfield code="a">AACR 1 form: Neuzil, Procopius Charles, 1861-1946</subfield>
  </datafield>
  <datafield tag="670" ind1=" " ind2=" ">
    <subfield code="a">T︠S︡erkovnyĭ golos, mai 1941, surrogate (a.e.)</subfield>
    <subfield code="b">(no info.); OCLC #1716562 (Neuzil, Procopius Charles, 1861-1946)</subfield>
  </datafield>
  <datafield tag="670" ind1=" " ind2=" ">
    <subfield code="a">Czech and Slovak leaders in metropolitan Chicago, 1934:</subfield>
    <subfield code="b">84 (very rev. Procopius Neuzil, O.S.B., A.B.) page 142 (Neuzil, Procopius Charles, professor, clegyman, and writer; born in Bechyně, Bohemia on 3 November 1861; came to the United States with his parents in 1874; studied at the Teachers&apos; Institute, Decorah; philosophy and theology at St. Vincent College, Latrobe, Pa.; ordained to the Catholic priesthood in 1888; first teacher and director of the first St. Procopius High School, forerunner of St. Procopius College and Seminary; pastor of St. Procopius Parish, Chicago, 1897-1913; founded and edited the periodicals Přítel dítek, Katolík, and Národ; professor at St. Procopius Seminary, Lisle, Illinois; author of works in Czech and English)</subfield>
  </datafield>
  <datafield tag="670" ind1=" " ind2=" ">
    <subfield code="a">Bechyně WWW site, January 18, 2019:</subfield>
    <subfield code="b">Prokop Neužil page (abbot Prokop Neužil; born in Bechyně on 3 November 1861; original name was Karel; assumed the name Prokop when he entered religious life; emigrated to the United States taught at Spillville, Iowa, in 1880; joined the Bohemian Benedictine Order and took preliminary vows in 1885; final vows on 15 July 1888; ordained priest on 22 December 1888 in Chicago; became abbot of the Czech Benedictine abbey [in Lisle, Illinois] in 1937; died 2 December 1946)</subfield>
    <subfield code="u">https://www.mestobechyne.cz/cs/mesto-bechyne/osobnosti/prokop-neuzil.html</subfield>
  </datafield>
  <datafield tag="670" ind1=" " ind2=" ">
    <subfield code="a">Naše rodina, Volume 21, Number 2, 2009:</subfield>
    <subfield code="b">page 49 (Charles Neuzil; born in 1861 in Bechyně, Bohemia; came to Spillville, Iowa, at age 13 with his arents; took the name Procopius Neuzil, OSB when he was ordained [sic; actually professed vows] in Chicago, July 11, 1885)</subfield>
  </datafield>
  <datafield tag="670" ind1=" " ind2=" ">
    <subfield code="a">The American Catholic Who&apos;s Who, Volume 7, 1946/1947:</subfield>
    <subfield code="b">page 330 (Neuzil, Rt. Rev. Procopius Chas. (O.S.B.))</subfield>
  </datafield>
  <datafield tag="953" ind1=" " ind2=" ">
    <subfield code="a">dd54</subfield>
  </datafield>
</record>