
<record>
  <leader>01898cz  a2200217n  4500</leader>
  <controlfield tag="001">3777099</controlfield>
  <controlfield tag="003">DLC</controlfield>
  <controlfield tag="005">20200101073323.0</controlfield>
  <controlfield tag="008">810126n| azannaabn          |n aaa      </controlfield>
  <datafield tag="010" ind1=" " ind2=" ">
    <subfield code="a">n  81004023 </subfield>
  </datafield>
  <datafield tag="035" ind1=" " ind2=" ">
    <subfield code="a">(OCoLC)oca00550126</subfield>
  </datafield>
  <datafield tag="040" ind1=" " ind2=" ">
    <subfield code="a">DLC</subfield>
    <subfield code="b">eng</subfield>
    <subfield code="e">rda</subfield>
    <subfield code="c">DLC</subfield>
    <subfield code="d">OU</subfield>
  </datafield>
  <datafield tag="046" ind1=" " ind2=" ">
    <subfield code="f">1907-07-22</subfield>
    <subfield code="g">2001-11-06</subfield>
    <subfield code="2">edtf</subfield>
  </datafield>
  <datafield tag="100" ind1="1" ind2=" ">
    <subfield code="a">Amburger, Erik,</subfield>
    <subfield code="d">1907-2001</subfield>
  </datafield>
  <datafield tag="370" ind1=" " ind2=" ">
    <subfield code="a">Saint Petersburg (Russia)</subfield>
    <subfield code="b">Heuchelheim (Germany)</subfield>
    <subfield code="c">Germany</subfield>
    <subfield code="2">naf</subfield>
  </datafield>
  <datafield tag="374" ind1=" " ind2=" ">
    <subfield code="a">Historians</subfield>
    <subfield code="a">Philologists</subfield>
    <subfield code="a">College teachers</subfield>
    <subfield code="2">lcsh</subfield>
  </datafield>
  <datafield tag="375" ind1=" " ind2=" ">
    <subfield code="a">Males</subfield>
    <subfield code="2">lcdgt</subfield>
  </datafield>
  <datafield tag="670" ind1=" " ind2=" ">
    <subfield code="a">His Russland und Schweden, 1762-1772 ... 1933.</subfield>
  </datafield>
  <datafield tag="670" ind1=" " ind2=" ">
    <subfield code="a">Wikidata via Wikipedia, December 31, 2019</subfield>
    <subfield code="b">(alias: Amburger, Erik Amburger, Амбургер, Амбургер Эрик, Эрик Амбургер, Эрик Николаевич Амбургер; LCAuth identifier: n81004023; VIAF identifier: 111010974; GND identifier: 118648721; ISNI (P213): 0000000110327558; place of birth: Saint Petersburg; place of death: Heuchelheim; country of citizenship: Germany; instance of: human; date of death: +2001-11-06T00:00:00Z; date of birth: +1907-07-22T00:00:00Z; employer: University of Marburg, University of Giessen; given name: Erik; NTA identifier (Netherlands): 069062773; occupation: philologist, historian, university teacher; spouse: Eleni-Alexandra Amburger; Great Russian Encyclopedia Online ID (P2924): 1817428; languages spoken or published: German; work location: Marburg; BIBSYS identifier: 90147870; BAV (Vatican Library) identifier: ADV10191014; NUKAT authorities: n98096771; LNB identifier: 000027244; surname: Amburger; SUDOC authorities: 028557522; BnF identifier: 120369589; FAST-ID: 66389; sex or gender: male; description/label: deutscher Osteuropahistoriker, Duits filoloog , German philologist and historian, professor académico alemão, tysk professor)</subfield>
    <subfield code="u">http://www.wikidata.org/entity/Q110972</subfield>
  </datafield>
  <datafield tag="952" ind1=" " ind2=" ">
    <subfield code="a">RETRO</subfield>
  </datafield>
  <datafield tag="953" ind1=" " ind2=" ">
    <subfield code="a">xx00</subfield>
    <subfield code="b">ec06</subfield>
  </datafield>
</record>