
<record>
  <leader>02052cz  a2200253n  4500</leader>
  <controlfield tag="001">3813948</controlfield>
  <controlfield tag="003">DLC</controlfield>
  <controlfield tag="005">20200101073326.0</controlfield>
  <controlfield tag="008">830510n| azannaabn          |a aaa      </controlfield>
  <datafield tag="010" ind1=" " ind2=" ">
    <subfield code="a">n  83010643 </subfield>
  </datafield>
  <datafield tag="035" ind1=" " ind2=" ">
    <subfield code="a">(OCoLC)oca00905288</subfield>
  </datafield>
  <datafield tag="040" ind1=" " ind2=" ">
    <subfield code="a">DLC</subfield>
    <subfield code="b">eng</subfield>
    <subfield code="e">rda</subfield>
    <subfield code="c">DLC</subfield>
    <subfield code="d">OU</subfield>
  </datafield>
  <datafield tag="046" ind1=" " ind2=" ">
    <subfield code="f">1904-08-05</subfield>
    <subfield code="g">1991-02-07</subfield>
    <subfield code="2">edtf</subfield>
  </datafield>
  <datafield tag="100" ind1="1" ind2=" ">
    <subfield code="a">Lakebrink, Bernhard,</subfield>
    <subfield code="d">1904-1991</subfield>
  </datafield>
  <datafield tag="370" ind1=" " ind2=" ">
    <subfield code="a">Asseln (Paderborn, Germany)</subfield>
  </datafield>
  <datafield tag="370" ind1=" " ind2=" ">
    <subfield code="b">Paderborn (Germany)</subfield>
    <subfield code="2">naf</subfield>
  </datafield>
  <datafield tag="374" ind1=" " ind2=" ">
    <subfield code="a">Theologians</subfield>
    <subfield code="a">College teachers</subfield>
    <subfield code="2">lcsh</subfield>
  </datafield>
  <datafield tag="375" ind1=" " ind2=" ">
    <subfield code="a">Males</subfield>
    <subfield code="2">lcdgt</subfield>
  </datafield>
  <datafield tag="400" ind1="1" ind2=" ">
    <subfield code="a">Lakebrink, B.</subfield>
    <subfield code="q">(Bernhard),</subfield>
    <subfield code="d">1904-1991</subfield>
  </datafield>
  <datafield tag="400" ind1="1" ind2=" ">
    <subfield code="a">Lakenbrink, B.</subfield>
    <subfield code="q">(Bernhard),</subfield>
    <subfield code="d">1904-1991</subfield>
  </datafield>
  <datafield tag="670" ind1=" " ind2=" ">
    <subfield code="a">Symposium sur les cinq voies de la Somme théologique (1979 : Rolduc). Quinque sunt viae, 1980:</subfield>
    <subfield code="b">t.p. (B. Lakenbrink) p. 5 (Pr. [priest]) p. 7, 151 (B. Lakebrink)</subfield>
  </datafield>
  <datafield tag="670" ind1=" " ind2=" ">
    <subfield code="a">Wikidata via Wikipedia, December 31, 2019</subfield>
    <subfield code="b">(alias: Bernhard Lakebrink, Lakebrink; LCAuth identifier: n83010643; VIAF identifier: 109192050; GND identifier: 118568833; ISNI (P213): 0000000110323792; place of birth: Isopoda; place of death: Paderborn; country of citizenship: Germany; instance of: human; date of birth: +1904-08-05T00:00:00Z; date of death: +1991-02-07T00:00:00Z; occupation: theologian, university teacher; employer: University of Freiburg, University of Münster; given name: Bernhard; NTA identifier (Netherlands): 069077045; work location: Freiburg im Breisgau; BIBSYS identifier: 90334647; BAV (Vatican Library) identifier: ADV10022733; NUKAT authorities: n2006101071; SHARE Catalogue author ID (P3987): 152538; languages spoken or published: German; Angelicum author ID (P5731): 49418; CONOR identifier: 70984803; BNE identifier: XX915214; SUDOC authorities: 055796087; BnF identifier: 127139691; sex or gender: male; NKC identifier: uk2005277067; PUSC author ID (P5739): 44935; description/label: deutscher katholischer Philosoph, Duits theoloog , German theologian, professor académico alemão, teólogo alemán, tysk professor)</subfield>
    <subfield code="u">http://www.wikidata.org/entity/Q825502</subfield>
  </datafield>
  <datafield tag="952" ind1=" " ind2=" ">
    <subfield code="a">RETRO</subfield>
  </datafield>
  <datafield tag="953" ind1=" " ind2=" ">
    <subfield code="a">xx00</subfield>
  </datafield>
</record>