
<record>
  <leader>00647cz  a2200193n  4500</leader>
  <controlfield tag="001">3921622</controlfield>
  <controlfield tag="003">DLC</controlfield>
  <controlfield tag="005">20200101073133.0</controlfield>
  <controlfield tag="008">880224n| azannaabn          |a aaa     c</controlfield>
  <datafield tag="010" ind1=" " ind2=" ">
    <subfield code="a">n  87905693 </subfield>
  </datafield>
  <datafield tag="035" ind1=" " ind2=" ">
    <subfield code="a">(OCoLC)oca02212016</subfield>
  </datafield>
  <datafield tag="040" ind1=" " ind2=" ">
    <subfield code="a">NjP</subfield>
    <subfield code="b">eng</subfield>
    <subfield code="c">DLC</subfield>
    <subfield code="d">DLC</subfield>
    <subfield code="d">OCoLC</subfield>
    <subfield code="e">rda</subfield>
    <subfield code="d">DNLM</subfield>
  </datafield>
  <datafield tag="046" ind1=" " ind2=" ">
    <subfield code="f">1796</subfield>
    <subfield code="g">1853</subfield>
    <subfield code="2">edtf</subfield>
  </datafield>
  <datafield tag="100" ind1="1" ind2=" ">
    <subfield code="a">Hartmann, Franz,</subfield>
    <subfield code="d">1796-1853</subfield>
  </datafield>
  <datafield tag="400" ind1="1" ind2=" ">
    <subfield code="a">Hartmann, F.</subfield>
    <subfield code="q">(Franz),</subfield>
    <subfield code="d">1796-1853</subfield>
  </datafield>
  <datafield tag="670" ind1=" " ind2=" ">
    <subfield code="a">His Die Kinderkrankheiten und ihre Behandlung, 1984:</subfield>
    <subfield code="b">t.p. (Dr. Franz Hartmann)</subfield>
  </datafield>
  <datafield tag="670" ind1=" " ind2=" ">
    <subfield code="a">NUC pre-56</subfield>
    <subfield code="b">(Hartmann, Franz, 1796-1853)</subfield>
  </datafield>
  <datafield tag="670" ind1=" " ind2=" ">
    <subfield code="a">Homöopathischer Haus- und Reisearzt, 1838:</subfield>
    <subfield code="b">t.p. (Dr. F. Hartmann)</subfield>
  </datafield>
  <datafield tag="953" ind1=" " ind2=" ">
    <subfield code="a">bz63</subfield>
  </datafield>
</record>