
<record>
  <leader>01145cz  a2200253n  4500</leader>
  <controlfield tag="001">3972527</controlfield>
  <controlfield tag="003">DLC</controlfield>
  <controlfield tag="005">20200101073217.0</controlfield>
  <controlfield tag="008">890918n| azannaabn          |b aaa      </controlfield>
  <datafield tag="010" ind1=" " ind2=" ">
    <subfield code="a">n  89652073 </subfield>
  </datafield>
  <datafield tag="035" ind1=" " ind2=" ">
    <subfield code="a">(OCoLC)oca02600994</subfield>
  </datafield>
  <datafield tag="040" ind1=" " ind2=" ">
    <subfield code="a">DLC</subfield>
    <subfield code="b">eng</subfield>
    <subfield code="e">rda</subfield>
    <subfield code="c">DLC</subfield>
    <subfield code="d">NjP</subfield>
    <subfield code="d">OCoLC</subfield>
    <subfield code="d">NcU</subfield>
    <subfield code="d">DLC</subfield>
    <subfield code="d">OCoLC</subfield>
  </datafield>
  <datafield tag="100" ind1="1" ind2=" ">
    <subfield code="a">Sulṭānīfar, Ṣiddīqah</subfield>
  </datafield>
  <datafield tag="375" ind1=" " ind2=" ">
    <subfield code="a">Females</subfield>
    <subfield code="2">lcdgt</subfield>
  </datafield>
  <datafield tag="377" ind1=" " ind2=" ">
    <subfield code="a">per</subfield>
  </datafield>
  <datafield tag="400" ind1="1" ind2=" ">
    <subfield code="a">Soltanifar, S.</subfield>
  </datafield>
  <datafield tag="400" ind1="1" ind2=" ">
    <subfield code="a">Soltanifar, Sediqe</subfield>
  </datafield>
  <datafield tag="400" ind1="1" ind2=" ">
    <subfield code="a">سلطانيفر، صديقه</subfield>
  </datafield>
  <datafield tag="667" ind1=" " ind2=" ">
    <subfield code="a">Machine-derived non-Latin script reference project.</subfield>
  </datafield>
  <datafield tag="667" ind1=" " ind2=" ">
    <subfield code="a">Non-Latin script references not evaluated.</subfield>
  </datafield>
  <datafield tag="670" ind1=" " ind2=" ">
    <subfield code="a">nuc89-84152: Author&apos;s Kitābshināsī-i jughrāfiyā, 1985</subfield>
    <subfield code="b">(hdg. on NjP rept.: Sulṭānīfar, Ṣiddīqah; usage: Ṣiddīqah Sulṭānīfar)</subfield>
  </datafield>
  <datafield tag="670" ind1=" " ind2=" ">
    <subfield code="a">Kitābshināsī-i jughrāfiyā, 1985:</subfield>
    <subfield code="b">t.p. (Ṣiddīqah Sulṭānīfar) added t.p. (S. Soltanifar [in rom.])</subfield>
  </datafield>
  <datafield tag="670" ind1=" " ind2=" ">
    <subfield code="a">Fihrist-i nusakh-i khaṭṭī-i Kitābkhānah-i Millī, 1968-:</subfield>
    <subfield code="b">v. 20, t.p. (Ṣiddīqah Sulṭānīʹfar = صديقه سلطانى‌فر) page 4 of cover (Sediqe Soltanifar [in rom.])</subfield>
  </datafield>
  <datafield tag="953" ind1=" " ind2=" ">
    <subfield code="a">np04</subfield>
  </datafield>
</record>