
<record>
  <leader>00735cz  a2200205n  4500</leader>
  <controlfield tag="001">4137349</controlfield>
  <controlfield tag="003">DLC</controlfield>
  <controlfield tag="005">20200101073212.0</controlfield>
  <controlfield tag="008">971105n| azannaabn          |n aaa      </controlfield>
  <datafield tag="010" ind1=" " ind2=" ">
    <subfield code="a">n  97111413 </subfield>
  </datafield>
  <datafield tag="016" ind1=" " ind2=" ">
    <subfield code="a">0058D0011E</subfield>
  </datafield>
  <datafield tag="035" ind1=" " ind2=" ">
    <subfield code="a">(OCoLC)oca04514274</subfield>
  </datafield>
  <datafield tag="040" ind1=" " ind2=" ">
    <subfield code="a">DLC</subfield>
    <subfield code="b">eng</subfield>
    <subfield code="e">rda</subfield>
    <subfield code="c">DLC</subfield>
    <subfield code="d">DLC</subfield>
    <subfield code="d">CaOONL</subfield>
  </datafield>
  <datafield tag="042" ind1=" " ind2=" ">
    <subfield code="a">nlc</subfield>
  </datafield>
  <datafield tag="046" ind1=" " ind2=" ">
    <subfield code="f">1957</subfield>
    <subfield code="2">edtf</subfield>
  </datafield>
  <datafield tag="100" ind1="1" ind2=" ">
    <subfield code="a">Doherty, Michael P.</subfield>
  </datafield>
  <datafield tag="377" ind1=" " ind2=" ">
    <subfield code="a">eng</subfield>
  </datafield>
  <datafield tag="670" ind1=" " ind2=" ">
    <subfield code="a">British Columbia environmental law statutes 1997, c1996:</subfield>
    <subfield code="b">t.p. (Michael P. Doherty; B.A., M.A., LL.B.; staff counsel, British Columbia Public Interest Advocacy Centre)</subfield>
  </datafield>
  <datafield tag="670" ind1=" " ind2=" ">
    <subfield code="a">The portable guide to evidence, c2001:</subfield>
    <subfield code="b">t.p. (Michael P. Doherty) Can CIP (Doherty, Michael P. (Michael Patrick), 1957- )</subfield>
  </datafield>
  <datafield tag="953" ind1=" " ind2=" ">
    <subfield code="a">sg20</subfield>
    <subfield code="b">sg20</subfield>
  </datafield>
</record>