
<record>
  <leader>01395cz  a2200289n  4500</leader>
  <controlfield tag="001">4182710</controlfield>
  <controlfield tag="003">DLC</controlfield>
  <controlfield tag="005">20200101073156.0</controlfield>
  <controlfield tag="008">990331n| azannaabn          |a aaa     c</controlfield>
  <datafield tag="010" ind1=" " ind2=" ">
    <subfield code="a">no 99022633 </subfield>
    <subfield code="z">no2008136936</subfield>
  </datafield>
  <datafield tag="016" ind1=" " ind2=" ">
    <subfield code="a">0066B0130E</subfield>
  </datafield>
  <datafield tag="035" ind1=" " ind2=" ">
    <subfield code="a">(OCoLC)oca04955624</subfield>
  </datafield>
  <datafield tag="040" ind1=" " ind2=" ">
    <subfield code="a">MH-L</subfield>
    <subfield code="b">eng</subfield>
    <subfield code="e">rda</subfield>
    <subfield code="c">MH-L</subfield>
    <subfield code="d">DLC</subfield>
    <subfield code="d">CaOONL</subfield>
  </datafield>
  <datafield tag="042" ind1=" " ind2=" ">
    <subfield code="a">nlc</subfield>
  </datafield>
  <datafield tag="046" ind1=" " ind2=" ">
    <subfield code="f">1954</subfield>
    <subfield code="2">edtf</subfield>
  </datafield>
  <datafield tag="100" ind1="1" ind2=" ">
    <subfield code="a">McCallum, Margaret E.</subfield>
    <subfield code="q">(Margaret Elizabeth),</subfield>
    <subfield code="d">1954-</subfield>
  </datafield>
  <datafield tag="373" ind1=" " ind2=" ">
    <subfield code="a">University of New Brunswick. Faculty of Law</subfield>
    <subfield code="2">naf</subfield>
    <subfield code="s">1990</subfield>
  </datafield>
  <datafield tag="374" ind1=" " ind2=" ">
    <subfield code="a">Law teachers</subfield>
    <subfield code="a">College teachers</subfield>
    <subfield code="2">lcsh</subfield>
  </datafield>
  <datafield tag="375" ind1=" " ind2=" ">
    <subfield code="a">female</subfield>
  </datafield>
  <datafield tag="377" ind1=" " ind2=" ">
    <subfield code="a">eng</subfield>
  </datafield>
  <datafield tag="378" ind1=" " ind2=" ">
    <subfield code="q">Margaret Elizabeth</subfield>
  </datafield>
  <datafield tag="400" ind1="1" ind2=" ">
    <subfield code="a">McCallum, Margaret,</subfield>
    <subfield code="d">1954-</subfield>
  </datafield>
  <datafield tag="670" ind1=" " ind2=" ">
    <subfield code="a">Introduction to real property law, 1997:</subfield>
    <subfield code="b">t.p. (Margaret E. McCallum) Canadian CIP (McCallum, Margaret E. (Margaret Elizabeth), 1954-)</subfield>
  </datafield>
  <datafield tag="670" ind1=" " ind2=" ">
    <subfield code="a">Lady landlords of Prince Edward Island, c2008:</subfield>
    <subfield code="b">t.p. (Margaret McCallum) Can. CIP (McCallum, Margaret)</subfield>
  </datafield>
  <datafield tag="670" ind1=" " ind2=" ">
    <subfield code="a">University of New Brunswick WWW site, viewed Nov. 23, 2015</subfield>
    <subfield code="b">(Margaret E. McCallum; joined the Faculty of Law in 1990; promoted to the rank of professor in 1999; teaches courses on various aspects of property law, natural resources law, and social justice; publications include Lady landlords of Prince Edward Island (2008), Synthesis (1st ed., 2003), Introduction to real property law (4th ed., 1997))</subfield>
  </datafield>
  <datafield tag="953" ind1=" " ind2=" ">
    <subfield code="a">xx00</subfield>
  </datafield>
  <datafield tag="985" ind1=" " ind2=" ">
    <subfield code="c">OCLC</subfield>
    <subfield code="e">LSPC</subfield>
  </datafield>
</record>