
<record>
  <leader>02314cz  a2200241n  4500</leader>
  <controlfield tag="001">4240902</controlfield>
  <controlfield tag="003">DLC</controlfield>
  <controlfield tag="005">20200101073149.0</controlfield>
  <controlfield tag="008">801215n| azannaabn          |n aaa      </controlfield>
  <datafield tag="010" ind1=" " ind2=" ">
    <subfield code="a">n  80161652 </subfield>
  </datafield>
  <datafield tag="035" ind1=" " ind2=" ">
    <subfield code="a">(OCoLC)oca00541475</subfield>
  </datafield>
  <datafield tag="040" ind1=" " ind2=" ">
    <subfield code="a">DLC</subfield>
    <subfield code="b">eng</subfield>
    <subfield code="e">rda</subfield>
    <subfield code="c">DLC</subfield>
    <subfield code="d">OU</subfield>
  </datafield>
  <datafield tag="046" ind1=" " ind2=" ">
    <subfield code="f">1906-10-19</subfield>
    <subfield code="g">1940-02-18</subfield>
    <subfield code="2">edtf</subfield>
  </datafield>
  <datafield tag="100" ind1="1" ind2=" ">
    <subfield code="a">Mickwitz, Gunnar,</subfield>
    <subfield code="d">1906-1940</subfield>
  </datafield>
  <datafield tag="370" ind1=" " ind2=" ">
    <subfield code="a">Turku (Finland)</subfield>
    <subfield code="2">naf</subfield>
  </datafield>
  <datafield tag="370" ind1=" " ind2=" ">
    <subfield code="b">Viipurin maalaiskunta (Finland)</subfield>
  </datafield>
  <datafield tag="374" ind1=" " ind2=" ">
    <subfield code="a">Historians</subfield>
    <subfield code="a">Economists</subfield>
    <subfield code="2">lcsh</subfield>
  </datafield>
  <datafield tag="375" ind1=" " ind2=" ">
    <subfield code="a">Males</subfield>
    <subfield code="2">lcdgt</subfield>
  </datafield>
  <datafield tag="670" ind1=" " ind2=" ">
    <subfield code="a">His Geld und Wirtschaft im Römischen Reich ... 1932.</subfield>
  </datafield>
  <datafield tag="670" ind1=" " ind2=" ">
    <subfield code="a">Gunnar Mickwitz nella storiografia europea tra le due guerre, 2007:</subfield>
    <subfield code="b">t.p. (Gunnar Mickwitz) p. 15 (Gunnar Mickwitz, 1906-1940)</subfield>
  </datafield>
  <datafield tag="670" ind1=" " ind2=" ">
    <subfield code="a">Wikidata via Wikipedia, December 31, 2019</subfield>
    <subfield code="b">(alias: Gunnar Mickwitz, Миквиц; sex or gender: male; LCAuth identifier: n80161652; VIAF identifier: 71524382; GND identifier: 133517640; place of birth: Turku; place of death: Karelia; country of citizenship: Germany; instance of: human; date of birth: +1906-00-00T00:00:00Z, +1906-10-19T00:00:00Z; date of death: +1940-00-00T00:00:00Z, +1940-02-18T00:00:00Z; occupation: economic historian; given name: Gunnar; NTA identifier (Netherlands): 146466543; Kansallisbiografia ID (P2180): 8119; BAV (Vatican Library) identifier: ADV10091903; NUKAT authorities: n2008076244; Uppslagsverket Finland ID (P4854): MickwitzGunnar; SHARE Catalogue author ID (P3987): 137636; surname: Mickwitz; languages spoken or published: German; ISNI (P213): 0000000109142644; SUDOC authorities: 06706020X; cause of death: killed in action; Biografiskt Lexikon f\u00f6r Finland ID (P3595): 8119; academic degree: Doctor of Philosophy; military casualty classification: killed in action; educated at: University of Helsinki; BnF identifier: 12985234q; employer: University of Helsinki; writing language (P6886): German; description/label: Duits economisch historicus , finländsk historiker, finnischer Wirtschafts- und Sozialhistoriker, Finnish historian, historiador económicu alemán , historiador finlandés, historian finlandez, historien finnois, istoric finlandez, Soome ajaloolane, suomalainen historioitsija, היסטוריון פיני, مؤرخ فنلندي)</subfield>
    <subfield code="u">http://www.wikidata.org/entity/Q124819</subfield>
  </datafield>
  <datafield tag="952" ind1=" " ind2=" ">
    <subfield code="a">RETRO</subfield>
  </datafield>
  <datafield tag="953" ind1=" " ind2=" ">
    <subfield code="a">xx00</subfield>
    <subfield code="b">lg23</subfield>
  </datafield>
</record>