
<record>
  <leader>01327cz  a2200289n  4500</leader>
  <controlfield tag="001">4246695</controlfield>
  <controlfield tag="003">DLC</controlfield>
  <controlfield tag="005">20200101073149.0</controlfield>
  <controlfield tag="008">811023n| azannaabn          |a ana      </controlfield>
  <datafield tag="010" ind1=" " ind2=" ">
    <subfield code="a">n  81055582 </subfield>
  </datafield>
  <datafield tag="035" ind1=" " ind2=" ">
    <subfield code="a">(OCoLC)oca00601059</subfield>
  </datafield>
  <datafield tag="040" ind1=" " ind2=" ">
    <subfield code="a">DLC</subfield>
    <subfield code="b">eng</subfield>
    <subfield code="e">rda</subfield>
    <subfield code="c">DLC</subfield>
    <subfield code="d">MWA</subfield>
    <subfield code="d">DLC-S</subfield>
    <subfield code="d">MoSU-L</subfield>
  </datafield>
  <datafield tag="110" ind1="1" ind2=" ">
    <subfield code="a">South Carolina.</subfield>
    <subfield code="b">Comptroller General&apos;s Office</subfield>
  </datafield>
  <datafield tag="368" ind1=" " ind2=" ">
    <subfield code="a">Administrative agencies</subfield>
    <subfield code="2">lcsh</subfield>
  </datafield>
  <datafield tag="370" ind1=" " ind2=" ">
    <subfield code="c">United States</subfield>
    <subfield code="f">South Carolina</subfield>
    <subfield code="2">naf</subfield>
  </datafield>
  <datafield tag="372" ind1=" " ind2=" ">
    <subfield code="a">Finance, Public</subfield>
    <subfield code="2">lcsh</subfield>
  </datafield>
  <datafield tag="377" ind1=" " ind2=" ">
    <subfield code="a">eng</subfield>
  </datafield>
  <datafield tag="410" ind1="1" ind2=" ">
    <subfield code="a">South Carolina.</subfield>
    <subfield code="b">Office of Comptroller General</subfield>
  </datafield>
  <datafield tag="410" ind1="1" ind2=" ">
    <subfield code="a">South Carolina.</subfield>
    <subfield code="b">Office of the Comptroller General</subfield>
  </datafield>
  <datafield tag="410" ind1="1" ind2=" ">
    <subfield code="a">South Carolina.</subfield>
    <subfield code="b">Comptroller&apos;s Office</subfield>
  </datafield>
  <datafield tag="410" ind1="1" ind2=" ">
    <subfield code="a">South Carolina.</subfield>
    <subfield code="b">Comptroller of Public Accounts</subfield>
  </datafield>
  <datafield tag="510" ind1="1" ind2=" ">
    <subfield code="w">r</subfield>
    <subfield code="i">Predecessor:</subfield>
    <subfield code="a">South Carolina.</subfield>
    <subfield code="b">Commissioners for Settling the Former Accounts of the Treasury</subfield>
  </datafield>
  <datafield tag="670" ind1=" " ind2=" ">
    <subfield code="a">MWA/NAIP files</subfield>
    <subfield code="b">(presumably later name of Commissioners for Settling the Former Accounts of the Treasury)</subfield>
  </datafield>
  <datafield tag="670" ind1=" " ind2=" ">
    <subfield code="a">Its Annual report, 1996-97:</subfield>
    <subfield code="b">t.p. (State of South Carolina, Office of the Comptroller General) letter of transmittal (State of South Carolina, Office of Comptroller General; Comptroller General&apos;s Office)</subfield>
  </datafield>
  <datafield tag="670" ind1=" " ind2=" ">
    <subfield code="a">Report from the Comptroller of Public Accounts, 1852:</subfield>
    <subfield code="b">page 3 (Comptroller&apos;s Office)</subfield>
  </datafield>
  <datafield tag="952" ind1=" " ind2=" ">
    <subfield code="a">RETRO</subfield>
  </datafield>
  <datafield tag="953" ind1=" " ind2=" ">
    <subfield code="a">xx00</subfield>
  </datafield>
</record>