
<record>
  <leader>03528cz  a2200613n  4500</leader>
  <controlfield tag="001">4271222</controlfield>
  <controlfield tag="003">DLC</controlfield>
  <controlfield tag="005">20200101073154.0</controlfield>
  <controlfield tag="008">830209n| acannaabn          |n aba      </controlfield>
  <datafield tag="010" ind1=" " ind2=" ">
    <subfield code="a">n  82154292 </subfield>
  </datafield>
  <datafield tag="035" ind1=" " ind2=" ">
    <subfield code="a">(Uk)000919025</subfield>
  </datafield>
  <datafield tag="035" ind1=" " ind2=" ">
    <subfield code="a">(OCoLC)oca00850296</subfield>
  </datafield>
  <datafield tag="040" ind1=" " ind2=" ">
    <subfield code="a">DLC</subfield>
    <subfield code="b">eng</subfield>
    <subfield code="c">DLC</subfield>
    <subfield code="d">DLC</subfield>
    <subfield code="d">UPB</subfield>
    <subfield code="d">DLC</subfield>
    <subfield code="d">Uk</subfield>
    <subfield code="d">DLC</subfield>
    <subfield code="d">IEN</subfield>
    <subfield code="d">DLC</subfield>
    <subfield code="d">Uk</subfield>
    <subfield code="d">DLC</subfield>
    <subfield code="d">OCoLC</subfield>
  </datafield>
  <datafield tag="100" ind1="1" ind2=" ">
    <subfield code="a">Smith, James</subfield>
  </datafield>
  <datafield tag="667" ind1=" " ind2=" ">
    <subfield code="a">THIS 1XX FIELD CANNOT BE USED UNDER RDA UNTIL THIS UNDIFFERENTIATED RECORD HAS BEEN HANDLED FOLLOWING THE GUIDELINES IN DCM Z1 008/32</subfield>
  </datafield>
  <datafield tag="667" ind1=" " ind2=" ">
    <subfield code="a">Record covers additional persons.</subfield>
  </datafield>
  <datafield tag="667" ind1=" " ind2=" ">
    <subfield code="a">BL e-mail sent to publisher of Tinderbox heroes, 13 July 2011</subfield>
  </datafield>
  <datafield tag="670" ind1=" " ind2=" ">
    <subfield code="a">[Joint author of Bush bred and bold]</subfield>
  </datafield>
  <datafield tag="670" ind1=" " ind2=" ">
    <subfield code="a">Harding, F. Bush bred and bold, 1980 (a.e.)</subfield>
    <subfield code="b">t.p. (James Smith)</subfield>
  </datafield>
  <datafield tag="670" ind1=" " ind2=" ">
    <subfield code="a">[Author of A Scot on prohibition for Scotland]</subfield>
  </datafield>
  <datafield tag="670" ind1=" " ind2=" ">
    <subfield code="a">His A Scot on prohibition for Scotland, c1921:</subfield>
    <subfield code="b">t.p. (James Smith)</subfield>
  </datafield>
  <datafield tag="670" ind1=" " ind2=" ">
    <subfield code="a">[Added entry for Lectures on French literature delivered in Melbourne]</subfield>
  </datafield>
  <datafield tag="670" ind1=" " ind2=" ">
    <subfield code="a">Dreyfus, I. Lectures on French literature delivered in Melbourne, 1896 (a.e.)</subfield>
    <subfield code="b">t.p. (James Smith)</subfield>
  </datafield>
  <datafield tag="670" ind1=" " ind2=" ">
    <subfield code="a">[Author of History and description of the steam engine]</subfield>
  </datafield>
  <datafield tag="670" ind1=" " ind2=" ">
    <subfield code="a">His History and description of the steam engine, 1824?:</subfield>
    <subfield code="b">t.p. (James Smith)</subfield>
  </datafield>
  <datafield tag="670" ind1=" " ind2=" ">
    <subfield code="a">[Student at University of Maine]</subfield>
  </datafield>
  <datafield tag="670" ind1=" " ind2=" ">
    <subfield code="a">NUCMC data from Maine Folklife Center for His Folklore paper, 1968</subfield>
    <subfield code="b">(James Smith; student at University of Maine)</subfield>
  </datafield>
  <datafield tag="670" ind1=" " ind2=" ">
    <subfield code="a">[Joint author of My first golf book]</subfield>
  </datafield>
  <datafield tag="670" ind1=" " ind2=" ">
    <subfield code="a">My first golf book, c1999:</subfield>
    <subfield code="b">t.p. (James Smith) p. facing t.p. (PGA professional &amp; golf instructor, Fair Oaks Golf Park, Fairfax, VA)</subfield>
  </datafield>
  <datafield tag="670" ind1=" " ind2=" ">
    <subfield code="a">[Subject on Autobiography and diary, 1850-1855]</subfield>
  </datafield>
  <datafield tag="670" ind1=" " ind2=" ">
    <subfield code="a">Duke, J. O. Autobiography and diary, 1850-1855</subfield>
    <subfield code="b">(James Smith)</subfield>
  </datafield>
  <datafield tag="670" ind1=" " ind2=" ">
    <subfield code="a">Overland Trails Digital Library Collection, 2001</subfield>
    <subfield code="b">(Smith, James)</subfield>
  </datafield>
  <datafield tag="670" ind1=" " ind2=" ">
    <subfield code="a">[Author of New school applied mechanics]</subfield>
  </datafield>
  <datafield tag="670" ind1=" " ind2=" ">
    <subfield code="a">New school applied mechanics, 1959:</subfield>
    <subfield code="b">t.p. (James Smith)</subfield>
  </datafield>
  <datafield tag="670" ind1=" " ind2=" ">
    <subfield code="a">[Co-author of St. Peter in Rome]</subfield>
  </datafield>
  <datafield tag="670" ind1=" " ind2=" ">
    <subfield code="a">St. Peter in Rome, 1974:</subfield>
    <subfield code="b">t.p. (James Smith)</subfield>
  </datafield>
  <datafield tag="670" ind1=" " ind2=" ">
    <subfield code="a">[Co-author of Successful product development]</subfield>
  </datafield>
  <datafield tag="670" ind1=" " ind2=" ">
    <subfield code="a">Successful product development, 1995</subfield>
  </datafield>
  <datafield tag="670" ind1=" " ind2=" ">
    <subfield code="a">BL database, 22 May 2009</subfield>
    <subfield code="b">(hdg.: Smith, James)</subfield>
  </datafield>
  <datafield tag="670" ind1=" " ind2=" ">
    <subfield code="a">[Co-editor of Current issues in psychostimulant abuse research]</subfield>
  </datafield>
  <datafield tag="670" ind1=" " ind2=" ">
    <subfield code="a">Current issues in psychostimulant abuse research, 1997:</subfield>
    <subfield code="b">t.p. (James Smith)</subfield>
  </datafield>
  <datafield tag="670" ind1=" " ind2=" ">
    <subfield code="a">[Co-author of Essential Van Gogh]</subfield>
  </datafield>
  <datafield tag="670" ind1=" " ind2=" ">
    <subfield code="a">Essential Van Gogh, 2000:</subfield>
    <subfield code="b">(James Smith) BL AL sent 25 May 2000</subfield>
  </datafield>
  <datafield tag="670" ind1=" " ind2=" ">
    <subfield code="a">[Author of The Europeanisation of the Scottish Office 1973-1997]</subfield>
  </datafield>
  <datafield tag="670" ind1=" " ind2=" ">
    <subfield code="a">The Europeanisation of the Scottish Office 1973-1997, 2001</subfield>
  </datafield>
  <datafield tag="670" ind1=" " ind2=" ">
    <subfield code="a">[Author of The Web wizard&apos;s guide to Photoshop]</subfield>
  </datafield>
  <datafield tag="670" ind1=" " ind2=" ">
    <subfield code="a">The Web wizard&apos;s guide to Photoshop, 2002:</subfield>
    <subfield code="b">t.p. (James Smith)</subfield>
  </datafield>
  <datafield tag="670" ind1=" " ind2=" ">
    <subfield code="a">[Owner of James Smith collection]</subfield>
  </datafield>
  <datafield tag="670" ind1=" " ind2=" ">
    <subfield code="a">NUCMC data from Litchfield Historical Society for James Smith collection, undated.</subfield>
  </datafield>
  <datafield tag="670" ind1=" " ind2=" ">
    <subfield code="a">[Co-author of Tinderbox heroes]</subfield>
  </datafield>
  <datafield tag="670" ind1=" " ind2=" ">
    <subfield code="a">Tinderbox heroes, 2010:</subfield>
    <subfield code="b">t.p. (James Smith)</subfield>
  </datafield>
  <datafield tag="670" ind1=" " ind2=" ">
    <subfield code="a">Strathclyde Fire &amp; Rescue website, 8 Sept. 2011:</subfield>
    <subfield code="b">history page (James Smith, retired staff officer of Glasgow Fire Service and Strathclyde Fire Brigade; authority on fire service history)</subfield>
  </datafield>
  <datafield tag="675" ind1=" " ind2=" ">
    <subfield code="a">1000 famous Australians;</subfield>
    <subfield code="a">South Australian biographies;</subfield>
    <subfield code="a">WW in Australia;</subfield>
    <subfield code="a">ANB;</subfield>
    <subfield code="a">DNB;</subfield>
    <subfield code="a">Boase;</subfield>
    <subfield code="a">Family Search, via WWW, Dec. 20, 2001</subfield>
  </datafield>
  <datafield tag="953" ind1=" " ind2=" ">
    <subfield code="a">ea08</subfield>
    <subfield code="b">rm13</subfield>
  </datafield>
</record>