
<record>
  <leader>02060cz  a2200253n  4500</leader>
  <controlfield tag="001">4274222</controlfield>
  <controlfield tag="003">DLC</controlfield>
  <controlfield tag="005">20200101073326.0</controlfield>
  <controlfield tag="008">840113n| azannaabn          |a aaa      </controlfield>
  <datafield tag="010" ind1=" " ind2=" ">
    <subfield code="a">n  82223252 </subfield>
  </datafield>
  <datafield tag="035" ind1=" " ind2=" ">
    <subfield code="a">(OCoLC)oca00879290</subfield>
  </datafield>
  <datafield tag="040" ind1=" " ind2=" ">
    <subfield code="a">DLC</subfield>
    <subfield code="b">eng</subfield>
    <subfield code="e">rda</subfield>
    <subfield code="c">DLC</subfield>
    <subfield code="d">OU</subfield>
  </datafield>
  <datafield tag="046" ind1=" " ind2=" ">
    <subfield code="f">1907-01-09</subfield>
    <subfield code="g">1995-09-13</subfield>
    <subfield code="2">edtf</subfield>
  </datafield>
  <datafield tag="100" ind1="1" ind2=" ">
    <subfield code="a">Wais, Kurt,</subfield>
    <subfield code="d">1907-1995</subfield>
  </datafield>
  <datafield tag="370" ind1=" " ind2=" ">
    <subfield code="a">Stuttgart (Germany)</subfield>
    <subfield code="2">naf</subfield>
  </datafield>
  <datafield tag="374" ind1=" " ind2=" ">
    <subfield code="a">Linguists</subfield>
    <subfield code="a">College teachers</subfield>
    <subfield code="2">lcsh</subfield>
  </datafield>
  <datafield tag="375" ind1=" " ind2=" ">
    <subfield code="a">Males</subfield>
    <subfield code="2">lcdgt</subfield>
  </datafield>
  <datafield tag="378" ind1=" " ind2=" ">
    <subfield code="q">Kurt Karl Theodor</subfield>
  </datafield>
  <datafield tag="400" ind1="1" ind2=" ">
    <subfield code="w">nnaa</subfield>
    <subfield code="a">Wais, Kurt Karl Theodor,</subfield>
    <subfield code="d">1907-</subfield>
  </datafield>
  <datafield tag="400" ind1="1" ind2=" ">
    <subfield code="a">Wais, Kurt Karl Theodor,</subfield>
    <subfield code="d">1907-1995</subfield>
  </datafield>
  <datafield tag="670" ind1=" " ind2=" ">
    <subfield code="a">His Europäische Literatur im Vergleich, 1983:</subfield>
    <subfield code="b">t.p. (Kurt Wais)</subfield>
  </datafield>
  <datafield tag="670" ind1=" " ind2=" ">
    <subfield code="a">LC data base, 12-21-83</subfield>
    <subfield code="b">(hdg.: Wais, Kurt Karl Theodor, 1907- ; usage: Wais, Kurt)</subfield>
  </datafield>
  <datafield tag="670" ind1=" " ind2=" ">
    <subfield code="a">Wikidata via Wikipedia, December 31, 2019</subfield>
    <subfield code="b">(alias: Kurt Wais; LCAuth identifier: n82223252; VIAF identifier: 76354620; GND identifier: 118770853; ISNI (P213): 0000000109171701; country of citizenship: Germany; employer: University of Tübingen, University of Halle-Wittenberg; instance of: human; date of birth: +1907-01-09T00:00:00Z; date of death: +1995-09-13T00:00:00Z; given name: Kurt; NTA identifier (Netherlands): 070447241; occupation: romanist, university teacher; Catalogus Professorum Halensis (P2005): waiskurt; Open Library identifier: OL134535A; place of birth: Stuttgart; Pers\u00e9e author ID (P2732): 64005; work location: Tübingen; Nobel Prize People Nomination ID (P3360): 12718; CONOR identifier: 46992483; surname: Wais; SHARE Catalogue author ID (P3987): 199870; languages spoken or published: German; BnF identifier: 12153469f; SUDOC authorities: 030036860; BNE identifier: XX863285; sex or gender: male; NKC identifier: osd2012684414; member of: Militant League for German Culture; Edvard Munch&apos;s correspondance person ID (P7466): 953; description/label: deutscher Romanist, Duits romanist , German romanist, professor académico alemão, tysk professor, クルト・ヴァイス)</subfield>
    <subfield code="u">http://www.wikidata.org/entity/Q1794216</subfield>
  </datafield>
  <datafield tag="953" ind1=" " ind2=" ">
    <subfield code="a">ec29</subfield>
  </datafield>
</record>