
<record>
  <leader>01787cz  a2200241n  4500</leader>
  <controlfield tag="001">4290564</controlfield>
  <controlfield tag="003">DLC</controlfield>
  <controlfield tag="005">20200101073205.0</controlfield>
  <controlfield tag="008">831209n| azannaabn          |a aaa      </controlfield>
  <datafield tag="010" ind1=" " ind2=" ">
    <subfield code="a">n  83211582 </subfield>
  </datafield>
  <datafield tag="035" ind1=" " ind2=" ">
    <subfield code="a">(OCoLC)oca01020915</subfield>
  </datafield>
  <datafield tag="040" ind1=" " ind2=" ">
    <subfield code="a">DLC</subfield>
    <subfield code="b">eng</subfield>
    <subfield code="e">rda</subfield>
    <subfield code="c">DLC</subfield>
    <subfield code="d">OCoLC</subfield>
    <subfield code="d">OU</subfield>
  </datafield>
  <datafield tag="046" ind1=" " ind2=" ">
    <subfield code="f">1905-06-16</subfield>
    <subfield code="g">1999-04-12</subfield>
    <subfield code="2">edtf</subfield>
  </datafield>
  <datafield tag="100" ind1="1" ind2=" ">
    <subfield code="a">Wentzlaff-Eggebert, Friedrich-Wilhelm,</subfield>
    <subfield code="d">1905-1999</subfield>
  </datafield>
  <datafield tag="370" ind1=" " ind2=" ">
    <subfield code="a">Wrzeście (Poland)</subfield>
    <subfield code="b">Wasserburg (Schwaben, Germany)</subfield>
  </datafield>
  <datafield tag="370" ind1=" " ind2=" ">
    <subfield code="c">Germany</subfield>
    <subfield code="2">naf</subfield>
  </datafield>
  <datafield tag="374" ind1=" " ind2=" ">
    <subfield code="a">Germanists</subfield>
    <subfield code="a">College teachers</subfield>
    <subfield code="2">lcsh</subfield>
  </datafield>
  <datafield tag="375" ind1=" " ind2=" ">
    <subfield code="a">Males</subfield>
    <subfield code="2">lcdgt</subfield>
  </datafield>
  <datafield tag="400" ind1="1" ind2=" ">
    <subfield code="a">Eggebert, Friedrich-Wilhelm Wentzlaff-,</subfield>
    <subfield code="d">1905-1999</subfield>
  </datafield>
  <datafield tag="670" ind1=" " ind2=" ">
    <subfield code="a">His Andreas Gryphius, 1616-1664, 1983:</subfield>
    <subfield code="b">t.p. (Friedrich-Wilhelm Wentzlaff-Eggebert) p. 4 of cover (em. ord. Prof. für deutsche Philologie)</subfield>
  </datafield>
  <datafield tag="670" ind1=" " ind2=" ">
    <subfield code="a">LC data base, 12/7/83</subfield>
    <subfield code="b">(hdg.: Wentzlaff-Eggebert, Friedrich Wilhelm, 1905- )</subfield>
  </datafield>
  <datafield tag="670" ind1=" " ind2=" ">
    <subfield code="a">Wikidata via Wikipedia, December 31, 2019</subfield>
    <subfield code="b">(alias: Friedrich-Wilhelm Wentzlaff-Eggebert; instance of: human; sex or gender: male; date of death: +1999-04-12T00:00:00Z; VIAF identifier: 68924281; GND identifier: 118766961; date of birth: +1905-06-16T00:00:00Z; place of birth: Wrzeście, Słupsk County; member of political party: Nazi Party; occupation: university teacher; SELIBR: 200982; ISNI (P213): 0000000109117334; SHARE Catalogue author ID (P3987): 180098; employer: Johannes Gutenberg University Mainz; NTA identifier (Netherlands): 067679080; Angelicum author ID (P5731): 54784; Libris-URI (P5587): vs689tpd5dq18hc; CONOR identifier: 213948771; BNE identifier: XX898211; NKC identifier: mub2016925534; People Australia identifier: 1010178; LCAuth identifier: n83211582; PUSC author ID (P5739): 84073; description/label: academisch docent)</subfield>
    <subfield code="u">http://www.wikidata.org/entity/Q23063097</subfield>
  </datafield>
  <datafield tag="953" ind1=" " ind2=" ">
    <subfield code="a">ec19</subfield>
  </datafield>
</record>