
<record>
  <leader>00689cz  a2200229n  4500</leader>
  <controlfield tag="001">4331643</controlfield>
  <controlfield tag="003">DLC</controlfield>
  <controlfield tag="005">20200101073141.0</controlfield>
  <controlfield tag="008">851107n| azannaabn          |a aaa      </controlfield>
  <datafield tag="010" ind1=" " ind2=" ">
    <subfield code="a">n  85184192 </subfield>
  </datafield>
  <datafield tag="035" ind1=" " ind2=" ">
    <subfield code="a">(OCoLC)oca01450529</subfield>
  </datafield>
  <datafield tag="040" ind1=" " ind2=" ">
    <subfield code="a">DLC</subfield>
    <subfield code="b">eng</subfield>
    <subfield code="e">rda</subfield>
    <subfield code="c">DLC</subfield>
    <subfield code="d">DLC</subfield>
    <subfield code="d">OCoLC</subfield>
    <subfield code="d">DLC</subfield>
    <subfield code="d">OCoLC</subfield>
  </datafield>
  <datafield tag="100" ind1="1" ind2=" ">
    <subfield code="a">Ṭerasi-Gai, Ester</subfield>
  </datafield>
  <datafield tag="400" ind1="1" ind2=" ">
    <subfield code="w">nne</subfield>
    <subfield code="a">Ṭerasi-Gayi, Ester</subfield>
  </datafield>
  <datafield tag="400" ind1="1" ind2=" ">
    <subfield code="a">Gai, Ester Ṭerasi-</subfield>
  </datafield>
  <datafield tag="400" ind1="1" ind2=" ">
    <subfield code="a">Ṭarasi-Gai, Ester</subfield>
  </datafield>
  <datafield tag="400" ind1="1" ind2=" ">
    <subfield code="a">Ṭresi-Gai, Ester</subfield>
  </datafield>
  <datafield tag="400" ind1="1" ind2=" ">
    <subfield code="a">Gayi, Ester Ṭerasi-</subfield>
  </datafield>
  <datafield tag="400" ind1="1" ind2=" ">
    <subfield code="a">Ṭarasi-Gayi, Ester</subfield>
  </datafield>
  <datafield tag="400" ind1="1" ind2=" ">
    <subfield code="a">Ṭresi-Gayi, Ester</subfield>
  </datafield>
  <datafield tag="670" ind1=" " ind2=" ">
    <subfield code="a">Sipure Yanush Ḳorts&apos;aḳ li-yeladim, 1984:</subfield>
    <subfield code="b">p. 2 (Dr. Ester Ṭerasi-Gai)</subfield>
  </datafield>
  <datafield tag="953" ind1=" " ind2=" ">
    <subfield code="a">be95</subfield>
    <subfield code="b">ye01</subfield>
    <subfield code="b">cd23</subfield>
  </datafield>
</record>