
<record>
  <leader>02199cz  a2200397n  4500</leader>
  <controlfield tag="001">4415034</controlfield>
  <controlfield tag="003">DLC</controlfield>
  <controlfield tag="005">20200101073133.0</controlfield>
  <controlfield tag="008">880310n| azannaabn          |b aaa      </controlfield>
  <datafield tag="010" ind1=" " ind2=" ">
    <subfield code="a">n  88618422 </subfield>
    <subfield code="z">nr 96023943 </subfield>
  </datafield>
  <datafield tag="035" ind1=" " ind2=" ">
    <subfield code="a">(OCoLC)oca02224185</subfield>
  </datafield>
  <datafield tag="040" ind1=" " ind2=" ">
    <subfield code="a">DLC</subfield>
    <subfield code="b">eng</subfield>
    <subfield code="e">rda</subfield>
    <subfield code="c">DLC</subfield>
    <subfield code="d">NjP</subfield>
    <subfield code="d">DLC</subfield>
    <subfield code="d">OCoLC</subfield>
    <subfield code="d">DLC</subfield>
    <subfield code="d">OCoLC</subfield>
  </datafield>
  <datafield tag="046" ind1=" " ind2=" ">
    <subfield code="f">[1938,1939]</subfield>
    <subfield code="2">edtf</subfield>
  </datafield>
  <datafield tag="100" ind1="1" ind2=" ">
    <subfield code="a">Subḥānī, Tawfīq</subfield>
  </datafield>
  <datafield tag="375" ind1=" " ind2=" ">
    <subfield code="a">male</subfield>
  </datafield>
  <datafield tag="377" ind1=" " ind2=" ">
    <subfield code="a">per</subfield>
  </datafield>
  <datafield tag="400" ind1="1" ind2=" ">
    <subfield code="a">Hāshimʹpūr Subḥānī, Tawfīq</subfield>
  </datafield>
  <datafield tag="400" ind1="1" ind2=" ">
    <subfield code="a">Subḥānī, Tawfīq Hāshimʹpūr</subfield>
  </datafield>
  <datafield tag="400" ind1="1" ind2=" ">
    <subfield code="a">Sobhani, Tofiq H.</subfield>
  </datafield>
  <datafield tag="400" ind1="1" ind2=" ">
    <subfield code="a">Subḥānī, Tawfīq H.</subfield>
  </datafield>
  <datafield tag="400" ind1="1" ind2=" ">
    <subfield code="a">Sobhâni, Tofigh H.</subfield>
  </datafield>
  <datafield tag="400" ind1="1" ind2=" ">
    <subfield code="a">Hashempūr Sobhāni, T.</subfield>
  </datafield>
  <datafield tag="400" ind1="1" ind2=" ">
    <subfield code="a">Sobhāni, T. Hashempūr</subfield>
  </datafield>
  <datafield tag="400" ind1="1" ind2=" ">
    <subfield code="a">سبحانى، توفيق</subfield>
  </datafield>
  <datafield tag="400" ind1="1" ind2=" ">
    <subfield code="a">سبحانى، توفيق هاشم‌پور</subfield>
  </datafield>
  <datafield tag="400" ind1="1" ind2=" ">
    <subfield code="a">سبحانى، توفيق ه.</subfield>
  </datafield>
  <datafield tag="667" ind1=" " ind2=" ">
    <subfield code="a">Machine-derived non-Latin script reference project.</subfield>
  </datafield>
  <datafield tag="667" ind1=" " ind2=" ">
    <subfield code="a">Non-Latin script references not evaluated.</subfield>
  </datafield>
  <datafield tag="670" ind1=" " ind2=" ">
    <subfield code="a">nuc88-29059: Gölpınarlı, A. Mawlānā Jalāl al-Dīn, 1984</subfield>
    <subfield code="b">(hdg. on ICU rept.: Subḥānī, Tawfīq; usage: Tawfīq Subḥānī)</subfield>
  </datafield>
  <datafield tag="670" ind1=" " ind2=" ">
    <subfield code="a">Masʻūd Saʻd Salmān. Guzīnah-ʼi ashʻār-i ... 1991:</subfield>
    <subfield code="b">t.p. (Duktur Tawfīq Subḥānī)</subfield>
  </datafield>
  <datafield tag="670" ind1=" " ind2=" ">
    <subfield code="a">Farrukhī Sīstānī va Kisāyī Marvazī, 1993:</subfield>
    <subfield code="b">t.p. (Duktur Tawfīq Hāshimʹpūr Subḥānī)</subfield>
  </datafield>
  <datafield tag="670" ind1=" " ind2=" ">
    <subfield code="a">Manāqib-i Hunarvarān, 1991:</subfield>
    <subfield code="b">t.p. (Duktur Tawfīq H. Subḥānī) p. 4 of cover (Tofiq H. Sobhani [in rom.])</subfield>
  </datafield>
  <datafield tag="670" ind1=" " ind2=" ">
    <subfield code="a">Favāyid al-Fuʼād, 2006:</subfield>
    <subfield code="b">t.p. (Duktur Tawfīq H. Subḥānī) t.p. verso (Iranian CIP data: b. 1317 [1938 or 1929])</subfield>
  </datafield>
  <datafield tag="670" ind1=" " ind2=" ">
    <subfield code="a">Ṣūfiyān-i nukhustīn dar adabīyāt-i Turk, 2006:</subfield>
    <subfield code="b">t.p. (Tawfīq H. Subḥānī) t.p. verso (Iranian CIP data: Hāshimʹpūr Subḥānī, Tawfīq; b. 1317 [1938 or 1939]) added t.p. (Tofigh H. Sobhâni [in rom.])</subfield>
  </datafield>
  <datafield tag="670" ind1=" " ind2=" ">
    <subfield code="a">Fihrist-i nuskhahʹhā-yi khaṭṭī-i Fārsī-i Kitābkhānah-ʼi Dānishgāh-i Istānbūl, 1995:</subfield>
    <subfield code="b">t.p. (توفيق هاشم‌پور سبحانى = Tawfīq Hāshimʹpūr Subḥānī) added t.p. (T. Hashempūr Sobhāni [in rom.])</subfield>
  </datafield>
  <datafield tag="953" ind1=" " ind2=" ">
    <subfield code="a">ne13</subfield>
    <subfield code="b">ce04</subfield>
  </datafield>
</record>