
<record>
  <leader>01421cz  a2200229n  4500</leader>
  <controlfield tag="001">4458109</controlfield>
  <controlfield tag="003">DLC</controlfield>
  <controlfield tag="005">20200101073126.0</controlfield>
  <controlfield tag="008">910124n| azannaabn          |n aaa      </controlfield>
  <datafield tag="010" ind1=" " ind2=" ">
    <subfield code="a">n  91007302 </subfield>
  </datafield>
  <datafield tag="035" ind1=" " ind2=" ">
    <subfield code="a">(OCoLC)oca02882917</subfield>
  </datafield>
  <datafield tag="040" ind1=" " ind2=" ">
    <subfield code="a">DLC</subfield>
    <subfield code="b">eng</subfield>
    <subfield code="e">rda</subfield>
    <subfield code="c">DLC</subfield>
    <subfield code="d">OU</subfield>
  </datafield>
  <datafield tag="046" ind1=" " ind2=" ">
    <subfield code="f">1903</subfield>
    <subfield code="g">1994</subfield>
    <subfield code="2">edtf</subfield>
  </datafield>
  <datafield tag="100" ind1="1" ind2=" ">
    <subfield code="a">Burger, Heinz Otto,</subfield>
    <subfield code="d">1903-1994</subfield>
  </datafield>
  <datafield tag="370" ind1=" " ind2=" ">
    <subfield code="a">Stuttgart (Germany)</subfield>
    <subfield code="2">naf</subfield>
  </datafield>
  <datafield tag="374" ind1=" " ind2=" ">
    <subfield code="a">Germanists</subfield>
    <subfield code="a">College teachers</subfield>
    <subfield code="2">lcsh</subfield>
  </datafield>
  <datafield tag="375" ind1=" " ind2=" ">
    <subfield code="a">Males</subfield>
    <subfield code="2">lcdgt</subfield>
  </datafield>
  <datafield tag="670" ind1=" " ind2=" ">
    <subfield code="a">Hofmannsthal, H.v. Sämtliche Werke, 1975- :</subfield>
    <subfield code="b">v. 1, t.p. (Heinz Otto Burger)</subfield>
  </datafield>
  <datafield tag="670" ind1=" " ind2=" ">
    <subfield code="a">LC data base, 01-24-91</subfield>
    <subfield code="b">(hdg.: Burger, Heinz Otto, 1903- )</subfield>
  </datafield>
  <datafield tag="670" ind1=" " ind2=" ">
    <subfield code="a">National Library of France via VIAF, Dec. 31, 2019</subfield>
    <subfield code="b">(preferred: Burger, Heinz Otto 1903-1994; birthplace: Stuttgart (Allemagne); country: Germany; gender: Males; lang. code: ger; note: Germaniste)</subfield>
    <subfield code="u">http://www.viaf.org/processed/BNF%7C12755296</subfield>
  </datafield>
  <datafield tag="670" ind1=" " ind2=" ">
    <subfield code="a">NUKAT Center of Warsaw University Library via VIAF, Dec. 31, 2019</subfield>
    <subfield code="b">(identifier: http://nukat.edu.pl/aut/n 2004051305, 109240582, http://isni.org/isni/0000000109327948, https://www.wikidata.org/wiki/Q55843543; born: 1903; died: 1994; preferred: Burger, Heinz Otto (1903-1994).; field of activity: Filologia germańska.; occupation: Germaniści.; related: Grimm, Reinhold, (1931-2009)., Höllerer, Walter, (1922-2003)., Schiller, Friedrich, (1759-1805).)</subfield>
    <subfield code="u">http://www.viaf.org/processed/NUKAT%7Cn 2004051305</subfield>
  </datafield>
  <datafield tag="953" ind1=" " ind2=" ">
    <subfield code="a">ec11</subfield>
  </datafield>
</record>