
<record>
  <leader>02198cz  a2200337n  4500</leader>
  <controlfield tag="001">4495637</controlfield>
  <controlfield tag="003">DLC</controlfield>
  <controlfield tag="005">20200101073213.0</controlfield>
  <controlfield tag="008">930222n| acannaabn          |a aaa     c</controlfield>
  <datafield tag="010" ind1=" " ind2=" ">
    <subfield code="a">nr 93006442 </subfield>
  </datafield>
  <datafield tag="035" ind1=" " ind2=" ">
    <subfield code="a">(OCoLC)oca03321905</subfield>
  </datafield>
  <datafield tag="040" ind1=" " ind2=" ">
    <subfield code="a">CMalG-V</subfield>
    <subfield code="b">eng</subfield>
    <subfield code="c">CMalG-V</subfield>
    <subfield code="d">DLC</subfield>
    <subfield code="d">NNFr</subfield>
  </datafield>
  <datafield tag="046" ind1=" " ind2=" ">
    <subfield code="f">1856-08-26</subfield>
    <subfield code="g">1940-01-25</subfield>
    <subfield code="2">edtf</subfield>
  </datafield>
  <datafield tag="100" ind1="1" ind2=" ">
    <subfield code="a">Frédéric, Léon,</subfield>
    <subfield code="c">Baron,</subfield>
    <subfield code="d">1856-1940</subfield>
  </datafield>
  <datafield tag="370" ind1=" " ind2=" ">
    <subfield code="a">Brussels (Belgium)</subfield>
    <subfield code="b">Schaerbeek (Belgium)</subfield>
    <subfield code="c">Belgium</subfield>
    <subfield code="2">naf</subfield>
  </datafield>
  <datafield tag="372" ind1=" " ind2=" ">
    <subfield code="a">Painting</subfield>
    <subfield code="a">Drawing</subfield>
    <subfield code="a">Pastel drawing</subfield>
    <subfield code="a">Sculpture</subfield>
    <subfield code="2">lcsh</subfield>
  </datafield>
  <datafield tag="373" ind1=" " ind2=" ">
    <subfield code="a">Académie royale des beaux-arts de Bruxelles</subfield>
    <subfield code="2">naf</subfield>
  </datafield>
  <datafield tag="373" ind1=" " ind2=" ">
    <subfield code="a">Order of Leopold (Belgium)</subfield>
  </datafield>
  <datafield tag="374" ind1=" " ind2=" ">
    <subfield code="a">Painters</subfield>
    <subfield code="a">Sculptors</subfield>
    <subfield code="2">lcsh</subfield>
  </datafield>
  <datafield tag="375" ind1=" " ind2=" ">
    <subfield code="a">Males</subfield>
    <subfield code="2">lcdgt</subfield>
  </datafield>
  <datafield tag="400" ind1="1" ind2=" ">
    <subfield code="a">Frédéric, Léon Henri Marie,</subfield>
    <subfield code="d">1856-1940</subfield>
  </datafield>
  <datafield tag="400" ind1="1" ind2=" ">
    <subfield code="a">Frédéric, Léon,</subfield>
    <subfield code="d">1856-1940</subfield>
  </datafield>
  <datafield tag="670" ind1=" " ind2=" ">
    <subfield code="a">Legrand, F. C. Symbolism in Belgium, 1972:</subfield>
    <subfield code="b">p. 262 (Frédéric, Baron Léon; Symbolist painter, active in the Ardennes; b. Brussels 1856, d. Schaerbeek, Brussels 1940)</subfield>
  </datafield>
  <datafield tag="670" ind1=" " ind2=" ">
    <subfield code="a">Dict. biographique ... des artistes en Belgique ... 1987:</subfield>
    <subfield code="b">p. 171 (Frederic, Baron Léon; genre, religious and allegorical painter, student of Portaels; active in Italy and Belgium; b. 1856, d. 1940)</subfield>
  </datafield>
  <datafield tag="670" ind1=" " ind2=" ">
    <subfield code="a">Witt checklist of painters ... 1978:</subfield>
    <subfield code="b">p. 103 (Frederic, Léon Henri Marie)</subfield>
  </datafield>
  <datafield tag="670" ind1=" " ind2=" ">
    <subfield code="a">RLIN data base, 02/22/93</subfield>
    <subfield code="b">(hdg.: Frederic, Léon, 1856-1940; usage: Léon Frederic)</subfield>
  </datafield>
  <datafield tag="670" ind1=" " ind2=" ">
    <subfield code="a">Très beaux tableaux anciens et modernes, importantes antiquités provenant de divers amateurs, 1939:</subfield>
    <subfield code="b">title page (works by baron Léon Frédéric)</subfield>
  </datafield>
  <datafield tag="670" ind1=" " ind2=" ">
    <subfield code="a">Allgemeines Künstlerlexikon online, viewed December 31, 2019</subfield>
    <subfield code="b">(Frédéric, Léon; Frédéric, Léon (Baron); Frederic, Léon Henri Marie (Baron); male painter, master draughtsman, pastellist, sculptor; born August 26, 1856, Brussels; died January 25, 1940, Schaerbeek (Brussels))</subfield>
  </datafield>
  <datafield tag="670" ind1=" " ind2=" ">
    <subfield code="a">Wikipedia, viewed December 31, 2019</subfield>
    <subfield code="b">(Léon Frederic; Léon-Henri-Marie Frédéric; 26 August 1856-27 January 1940; a Belgian Symbolist painter; appointed a member of the Académie Royale in 1904 and in 1929 made a Baron and a Knight of the Order of Leopold by King Albert I)</subfield>
  </datafield>
  <datafield tag="953" ind1=" " ind2=" ">
    <subfield code="a">xx00</subfield>
  </datafield>
  <datafield tag="985" ind1=" " ind2=" ">
    <subfield code="c">RLIN</subfield>
    <subfield code="e">LSPC</subfield>
  </datafield>
</record>