
<record>
  <leader>01887cz  a2200349n  4500</leader>
  <controlfield tag="001">4918805</controlfield>
  <controlfield tag="003">DLC</controlfield>
  <controlfield tag="005">20200101073156.0</controlfield>
  <controlfield tag="008">990810n| azannaabn          |b aaa     c</controlfield>
  <datafield tag="010" ind1=" " ind2=" ">
    <subfield code="a">no 99057459 </subfield>
  </datafield>
  <datafield tag="035" ind1=" " ind2=" ">
    <subfield code="a">(OCoLC)oca05045215</subfield>
  </datafield>
  <datafield tag="040" ind1=" " ind2=" ">
    <subfield code="a">WU</subfield>
    <subfield code="b">eng</subfield>
    <subfield code="c">WU</subfield>
    <subfield code="e">rda</subfield>
    <subfield code="d">DLC</subfield>
    <subfield code="d">OCoLC</subfield>
  </datafield>
  <datafield tag="046" ind1=" " ind2=" ">
    <subfield code="f">1937-09-01</subfield>
    <subfield code="2">edtf</subfield>
  </datafield>
  <datafield tag="100" ind1="1" ind2=" ">
    <subfield code="a">Si︠a︡drystyĭ, Mykola</subfield>
  </datafield>
  <datafield tag="372" ind1=" " ind2=" ">
    <subfield code="a">Miniature objects</subfield>
    <subfield code="a">Totalitarianism</subfield>
    <subfield code="2">lcsh</subfield>
  </datafield>
  <datafield tag="374" ind1=" " ind2=" ">
    <subfield code="a">Sculptors</subfield>
    <subfield code="a">Historians</subfield>
    <subfield code="2">lcsh</subfield>
  </datafield>
  <datafield tag="375" ind1=" " ind2=" ">
    <subfield code="a">male</subfield>
  </datafield>
  <datafield tag="377" ind1=" " ind2=" ">
    <subfield code="a">ukr</subfield>
    <subfield code="a">rus</subfield>
  </datafield>
  <datafield tag="378" ind1=" " ind2=" ">
    <subfield code="q">Mykola Serhiĭovych</subfield>
  </datafield>
  <datafield tag="400" ind1="1" ind2=" ">
    <subfield code="a">Syadristy, Mykola</subfield>
  </datafield>
  <datafield tag="400" ind1="1" ind2=" ">
    <subfield code="a">Si︠a︡drystyĭ, M. S.</subfield>
    <subfield code="q">(Mykola Serhiĭovych)</subfield>
  </datafield>
  <datafield tag="400" ind1="1" ind2=" ">
    <subfield code="a">Si︠a︡dristyĭ, N. S.</subfield>
    <subfield code="q">(Nikolaĭ Sergeevich)</subfield>
  </datafield>
  <datafield tag="400" ind1="1" ind2=" ">
    <subfield code="a">Si︠a︡dristyĭ, Nikolaĭ Sergeevich</subfield>
  </datafield>
  <datafield tag="400" ind1="1" ind2=" ">
    <subfield code="a">Syadristy, Nikolai</subfield>
  </datafield>
  <datafield tag="400" ind1="1" ind2=" ">
    <subfield code="a">Сядристий, М. С.</subfield>
    <subfield code="q">(Микола Сергійович)</subfield>
  </datafield>
  <datafield tag="400" ind1="1" ind2=" ">
    <subfield code="a">Сядристий, Микола Сергійович</subfield>
  </datafield>
  <datafield tag="667" ind1=" " ind2=" ">
    <subfield code="a">Non-Latin script references not evaluated.</subfield>
  </datafield>
  <datafield tag="670" ind1=" " ind2=" ">
    <subfield code="a">Pohli︠a︡d krizʹ chas, 2016:</subfield>
    <subfield code="b">title page (Микола Сядристий = Mykola Si︠a︡drystyĭ) title page verso (М.С. Сядристий  = M.S. Si︠a︡drystyĭ) page 218 (Микола Сергійович Сядристий = Mykola Serhiĭovych Si︠a︡drystyĭ; народився 1937 року в селі Колісниківка на Харківщині; досліджує суть і витоку тоталітарних режимів: фашизму, комунізму, нацизму) page 222 (Mykola Syadristy) page 240 (Nikolai Syadristy)</subfield>
  </datafield>
  <datafield tag="670" ind1=" " ind2=" ">
    <subfield code="a">Bliznet︠s︡y-bratʹi︠a︡, 2017:</subfield>
    <subfield code="b">page 230 (born September 1, 1937 in Ukraine; master of microminiatures)</subfield>
  </datafield>
  <datafield tag="670" ind1=" " ind2=" ">
    <subfield code="a">Taĭny mikrotekhniki, 1978:</subfield>
    <subfield code="b">t.p. (N.S. Si︠a︡dristyĭ)</subfield>
  </datafield>
  <datafield tag="670" ind1=" " ind2=" ">
    <subfield code="a">OCLC database, 8-10-99</subfield>
    <subfield code="b">(hdg.: Si︠a︡dristyĭ, Nikolaĭ Sergeevich)</subfield>
  </datafield>
  <datafield tag="953" ind1=" " ind2=" ">
    <subfield code="a">fc04</subfield>
  </datafield>
</record>