
<record>
  <leader>01107cz  a2200241n  4500</leader>
  <controlfield tag="001">5054520</controlfield>
  <controlfield tag="003">DLC</controlfield>
  <controlfield tag="005">20200101073157.0</controlfield>
  <controlfield tag="008">000314n| azannaabn          |a aaa     c</controlfield>
  <datafield tag="010" ind1=" " ind2=" ">
    <subfield code="a">no 00017906 </subfield>
  </datafield>
  <datafield tag="035" ind1=" " ind2=" ">
    <subfield code="a">(OCoLC)oca05174683</subfield>
  </datafield>
  <datafield tag="040" ind1=" " ind2=" ">
    <subfield code="a">InU-Mu</subfield>
    <subfield code="b">eng</subfield>
    <subfield code="e">rda</subfield>
    <subfield code="c">InU-Mu</subfield>
    <subfield code="d">WaBeWWUM</subfield>
  </datafield>
  <datafield tag="046" ind1=" " ind2=" ">
    <subfield code="k">[..1860]</subfield>
    <subfield code="2">edtf</subfield>
  </datafield>
  <datafield tag="100" ind1="1" ind2=" ">
    <subfield code="a">Jensen, Adolf,</subfield>
    <subfield code="d">1837-1879.</subfield>
    <subfield code="t">Gesänge aus dem spanischen Liederbuch,</subfield>
    <subfield code="n">op. 4</subfield>
  </datafield>
  <datafield tag="380" ind1=" " ind2=" ">
    <subfield code="a">Songs</subfield>
    <subfield code="a">Chamber music</subfield>
    <subfield code="2">lcgft</subfield>
  </datafield>
  <datafield tag="382" ind1="0" ind2=" ">
    <subfield code="a">singer</subfield>
    <subfield code="n">1</subfield>
    <subfield code="a">piano</subfield>
    <subfield code="n">1</subfield>
    <subfield code="s">2</subfield>
    <subfield code="2">lcmpt</subfield>
  </datafield>
  <datafield tag="383" ind1=" " ind2=" ">
    <subfield code="b">op. 4</subfield>
  </datafield>
  <datafield tag="400" ind1="1" ind2=" ">
    <subfield code="a">Jensen, Adolf,</subfield>
    <subfield code="d">1837-1879.</subfield>
    <subfield code="t">7 Gesänge aus dem spanischen Liederbuch,</subfield>
    <subfield code="n">op. 4</subfield>
  </datafield>
  <datafield tag="400" ind1="1" ind2=" ">
    <subfield code="a">Jensen, Adolf,</subfield>
    <subfield code="d">1837-1879.</subfield>
    <subfield code="t">Sieben Gesänge aus dem spanischen Liederbuch,</subfield>
    <subfield code="n">op. 4</subfield>
  </datafield>
  <datafield tag="400" ind1="1" ind2=" ">
    <subfield code="a">Jensen, Adolf,</subfield>
    <subfield code="d">1837-1879.</subfield>
    <subfield code="t">Spanish songbook,</subfield>
    <subfield code="n">op. 4</subfield>
  </datafield>
  <datafield tag="670" ind1=" " ind2=" ">
    <subfield code="a">Stuart, L. Selected songs from the Spanish songbook of Adolf Jensen, 1993.</subfield>
  </datafield>
  <datafield tag="670" ind1=" " ind2=" ">
    <subfield code="a">New Grove</subfield>
    <subfield code="b">(7 Gesänge aus dem spanischen Liederbuch (Geibel, Heyse), op. 4 (Hamburg, 1860))</subfield>
  </datafield>
  <datafield tag="670" ind1=" " ind2=" ">
    <subfield code="a">Grove music online, December 30, 2019</subfield>
    <subfield code="b">(also lists 7 Gesänge aus dem Spanischen Liederbuch (Geibel, Heyse), op. 21 (Hamburg, 1864))</subfield>
  </datafield>
</record>