
<record>
  <leader>00633cz  a2200169n  4500</leader>
  <controlfield tag="001">5111800</controlfield>
  <controlfield tag="003">DLC</controlfield>
  <controlfield tag="005">20200101073159.0</controlfield>
  <controlfield tag="008">000531n| azannaabn          |n aaa      </controlfield>
  <datafield tag="010" ind1=" " ind2=" ">
    <subfield code="a">n  00121329 </subfield>
  </datafield>
  <datafield tag="035" ind1=" " ind2=" ">
    <subfield code="a">(OCoLC)oca05232304</subfield>
  </datafield>
  <datafield tag="040" ind1=" " ind2=" ">
    <subfield code="a">DNLM</subfield>
    <subfield code="b">eng</subfield>
    <subfield code="c">DNLM</subfield>
    <subfield code="d">OCoLC</subfield>
    <subfield code="e">rda</subfield>
    <subfield code="d">DNLM</subfield>
  </datafield>
  <datafield tag="100" ind1="1" ind2=" ">
    <subfield code="a">Moser, J. P.</subfield>
  </datafield>
  <datafield tag="371" ind1=" " ind2=" ">
    <subfield code="a">Schöndorferstrasse 9</subfield>
    <subfield code="b">Trier</subfield>
    <subfield code="d">Germany</subfield>
  </datafield>
  <datafield tag="670" ind1=" " ind2=" ">
    <subfield code="a">Elektro-Homöopathische Arzneimittelshre, 1895:</subfield>
    <subfield code="b">t.p. (J.P. Moser)</subfield>
  </datafield>
  <datafield tag="670" ind1=" " ind2=" ">
    <subfield code="a">NLM files, May 12, 2000</subfield>
    <subfield code="b">(hdg.: Moser, J. P.)</subfield>
  </datafield>
  <datafield tag="670" ind1=" " ind2=" ">
    <subfield code="a">Neue verbesserte homöopathische Heilmethode, 1880:</subfield>
    <subfield code="b">front flyleaf provenance stamp (J.P. Moser, Trier, Schöndorferstrasse 9)</subfield>
  </datafield>
</record>