
<record>
  <leader>01356cz  a2200277n  4500</leader>
  <controlfield tag="001">5200253</controlfield>
  <controlfield tag="003">DLC</controlfield>
  <controlfield tag="005">20200101073201.0</controlfield>
  <controlfield tag="008">000922n| azannaabn          |b aaa      </controlfield>
  <datafield tag="010" ind1=" " ind2=" ">
    <subfield code="a">nr 00030074 </subfield>
  </datafield>
  <datafield tag="035" ind1=" " ind2=" ">
    <subfield code="a">(OCoLC)oca05319573</subfield>
  </datafield>
  <datafield tag="040" ind1=" " ind2=" ">
    <subfield code="a">DLC-R</subfield>
    <subfield code="b">eng</subfield>
    <subfield code="e">rda</subfield>
    <subfield code="c">DLC-R</subfield>
    <subfield code="d">OClW</subfield>
    <subfield code="d">DLC</subfield>
    <subfield code="d">OCoLC</subfield>
    <subfield code="d">InU</subfield>
    <subfield code="d">DcWaGWGG</subfield>
  </datafield>
  <datafield tag="100" ind1="1" ind2=" ">
    <subfield code="a">Wong, Sin Kiong</subfield>
  </datafield>
  <datafield tag="374" ind1=" " ind2=" ">
    <subfield code="a">University and college faculty members</subfield>
    <subfield code="2">lcdgt</subfield>
  </datafield>
  <datafield tag="400" ind1="1" ind2=" ">
    <subfield code="a">Huang, Xianqiang</subfield>
  </datafield>
  <datafield tag="400" ind1="1" ind2=" ">
    <subfield code="a">黃賢強</subfield>
  </datafield>
  <datafield tag="400" ind1="1" ind2=" ">
    <subfield code="a">黃贤强</subfield>
  </datafield>
  <datafield tag="667" ind1=" " ind2=" ">
    <subfield code="a">Machine-derived non-Latin script reference project.</subfield>
  </datafield>
  <datafield tag="667" ind1=" " ind2=" ">
    <subfield code="a">Non-Latin script references not evaluated.</subfield>
  </datafield>
  <datafield tag="667" ind1=" " ind2=" ">
    <subfield code="a">Non-Latin script references reviewed in NACO CJK Funnel References Project.</subfield>
  </datafield>
  <datafield tag="670" ind1=" " ind2=" ">
    <subfield code="a">China&apos;s anti-American boycott movement in 1905, c2002:</subfield>
    <subfield code="b">t.p. (Wong Sin Kiong) p. 4 of cover (asst. prof. in Dept. of Chinese Studies, National Univ. of Singapore; Ph.D. in history, Indiana Univ.)</subfield>
  </datafield>
  <datafield tag="670" ind1=" " ind2=" ">
    <subfield code="a">OCLC, July 2, 2002</subfield>
    <subfield code="b">(hdg.: Wong, Sin Kiong; Wong Sin-kiong; usage: Wong Sin Kiong; Wong Sin-kiong)</subfield>
  </datafield>
  <datafield tag="670" ind1=" " ind2=" ">
    <subfield code="a">Singapore Chinese society in transition, 2003:</subfield>
    <subfield code="b">ECIP data (Wong, Sin-Kiong, b. 3/26/60)</subfield>
  </datafield>
  <datafield tag="670" ind1=" " ind2=" ">
    <subfield code="a">Binglang yu Hua ren yan jiu, 2005:</subfield>
    <subfield code="b">t.p. (Huang Xianqiang) cover p. 4 (Wong Sin Kiong)</subfield>
  </datafield>
  <datafield tag="670" ind1=" " ind2=" ">
    <subfield code="a">OCLC, Dec. 31, 2019</subfield>
    <subfield code="b">(access point: 黃贤强 = Wong, Sin Kiong; usage: 黃贤强 = Huang Xianqiang)</subfield>
  </datafield>
  <datafield tag="953" ind1=" " ind2=" ">
    <subfield code="b">yk03; wj14</subfield>
  </datafield>
</record>