
<record>
  <leader>01014cz  a2200205n  4500</leader>
  <controlfield tag="001">5225356</controlfield>
  <controlfield tag="003">DLC</controlfield>
  <controlfield tag="005">20200101073201.0</controlfield>
  <controlfield tag="008">001027n| azannaabn          |n aaa      </controlfield>
  <datafield tag="010" ind1=" " ind2=" ">
    <subfield code="a">n  00008041 </subfield>
  </datafield>
  <datafield tag="035" ind1=" " ind2=" ">
    <subfield code="a">(OCoLC)oca05343791</subfield>
  </datafield>
  <datafield tag="040" ind1=" " ind2=" ">
    <subfield code="a">DLC</subfield>
    <subfield code="b">eng</subfield>
    <subfield code="e">rda</subfield>
    <subfield code="c">DLC</subfield>
    <subfield code="d">WaBeW</subfield>
  </datafield>
  <datafield tag="046" ind1=" " ind2=" ">
    <subfield code="f">1954</subfield>
    <subfield code="2">edtf</subfield>
  </datafield>
  <datafield tag="100" ind1="1" ind2=" ">
    <subfield code="a">Tessler, Steven</subfield>
  </datafield>
  <datafield tag="373" ind1=" " ind2=" ">
    <subfield code="a">USGS New Jersey Water Science Center</subfield>
    <subfield code="2">naf</subfield>
  </datafield>
  <datafield tag="374" ind1=" " ind2=" ">
    <subfield code="a">Ecologists</subfield>
    <subfield code="2">lcsh</subfield>
  </datafield>
  <datafield tag="670" ind1=" " ind2=" ">
    <subfield code="a">Tessler, Steven. Inventory of selected freshwater-ecology studies from the New England Coastal basins (Maine, New Hampshire, Massachusetts, Rhode Island), 1937-97, 1999:</subfield>
    <subfield code="b">t.p. (Steven Tessler)</subfield>
  </datafield>
  <datafield tag="670" ind1=" " ind2=" ">
    <subfield code="a">USGS.gov, December 31, 2019:</subfield>
    <subfield code="b">Steven Tessler, Ph.D. (ecologist/data manager; works at the New Jersey Water Science Center within the United States Geological Survey)</subfield>
    <subfield code="u">https://www.usgs.gov/staff-profiles/steven-tessler?qt-staff_profile_science_products=3#qt-staff_profile_science_products</subfield>
  </datafield>
  <datafield tag="670" ind1=" " ind2=" ">
    <subfield code="a">OCLC, December 31, 2019</subfield>
    <subfield code="b">(access point: Tessler, Steven, 1954-)</subfield>
  </datafield>
  <datafield tag="953" ind1=" " ind2=" ">
    <subfield code="a">jb08</subfield>
  </datafield>
</record>