
<record>
  <leader>01007cz  a2200229n  4500</leader>
  <controlfield tag="001">5256295</controlfield>
  <controlfield tag="003">DLC</controlfield>
  <controlfield tag="005">20200101073201.0</controlfield>
  <controlfield tag="008">001211n| azannaabn          |a aaa      </controlfield>
  <datafield tag="010" ind1=" " ind2=" ">
    <subfield code="a">n  00110604 </subfield>
  </datafield>
  <datafield tag="035" ind1=" " ind2=" ">
    <subfield code="a">(OCoLC)oca05375141</subfield>
  </datafield>
  <datafield tag="040" ind1=" " ind2=" ">
    <subfield code="a">DLC</subfield>
    <subfield code="b">eng</subfield>
    <subfield code="c">DLC</subfield>
    <subfield code="e">rda</subfield>
    <subfield code="d">MdRoLAC</subfield>
  </datafield>
  <datafield tag="046" ind1=" " ind2=" ">
    <subfield code="f">1966-10-04</subfield>
    <subfield code="2">edtf</subfield>
  </datafield>
  <datafield tag="100" ind1="1" ind2=" ">
    <subfield code="a">Novkov, Julie,</subfield>
    <subfield code="d">1966-</subfield>
  </datafield>
  <datafield tag="372" ind1=" " ind2=" ">
    <subfield code="a">Sex</subfield>
    <subfield code="2">lcsh</subfield>
  </datafield>
  <datafield tag="373" ind1=" " ind2=" ">
    <subfield code="a">Rockefeller College of Public Affairs and Policy</subfield>
    <subfield code="2">naf</subfield>
  </datafield>
  <datafield tag="374" ind1=" " ind2=" ">
    <subfield code="a">College teachers</subfield>
    <subfield code="2">lcsh</subfield>
  </datafield>
  <datafield tag="375" ind1=" " ind2=" ">
    <subfield code="a">Females</subfield>
    <subfield code="2">lcdgt</subfield>
  </datafield>
  <datafield tag="400" ind1="1" ind2=" ">
    <subfield code="a">Novkov, Julie Lavonne,</subfield>
    <subfield code="d">1966-</subfield>
  </datafield>
  <datafield tag="670" ind1=" " ind2=" ">
    <subfield code="a">Novkov, Julie. Constituting workers, protecting women, 2001:</subfield>
    <subfield code="b">CIP t.p. (Julie Novkov) CIP data (Novkov, Julie Lavonne, b. Oct. 4, 1966)</subfield>
  </datafield>
  <datafield tag="670" ind1=" " ind2=" ">
    <subfield code="a">Stating the family, 2020:</subfield>
    <subfield code="b">eCIP title page (0edited by Julie Novkov and Carol Nackenoff) page 286 galley (Julie Novkov is professor of Political Science and of Women&apos;s Gender and Sexuality Studies at Rockefeller College of Public Affairs &amp; Policy, University of Albany. Her book...)</subfield>
  </datafield>
  <datafield tag="953" ind1=" " ind2=" ">
    <subfield code="a">sg98</subfield>
  </datafield>
</record>