
<record>
  <leader>01093cz  a2200289n  4500</leader>
  <controlfield tag="001">5448896</controlfield>
  <controlfield tag="003">DLC</controlfield>
  <controlfield tag="005">20200101073201.0</controlfield>
  <controlfield tag="008">010817n| azannaabn          |b aaa      </controlfield>
  <datafield tag="010" ind1=" " ind2=" ">
    <subfield code="a">n 2001052253</subfield>
  </datafield>
  <datafield tag="035" ind1=" " ind2=" ">
    <subfield code="a">(OCoLC)oca05562624</subfield>
  </datafield>
  <datafield tag="040" ind1=" " ind2=" ">
    <subfield code="a">DLC</subfield>
    <subfield code="b">eng</subfield>
    <subfield code="e">rda</subfield>
    <subfield code="c">DLC</subfield>
    <subfield code="d">DLC</subfield>
    <subfield code="d">CLU</subfield>
    <subfield code="d">DLC</subfield>
    <subfield code="d">OCoLC</subfield>
  </datafield>
  <datafield tag="046" ind1=" " ind2=" ">
    <subfield code="f">1951</subfield>
    <subfield code="2">edtf</subfield>
  </datafield>
  <datafield tag="053" ind1=" " ind2="0">
    <subfield code="a">PK8549.V371</subfield>
  </datafield>
  <datafield tag="100" ind1="1" ind2=" ">
    <subfield code="a">Vardanyan, Artak,</subfield>
    <subfield code="d">1951-</subfield>
  </datafield>
  <datafield tag="375" ind1=" " ind2=" ">
    <subfield code="a">male</subfield>
  </datafield>
  <datafield tag="377" ind1=" " ind2=" ">
    <subfield code="a">arm</subfield>
  </datafield>
  <datafield tag="400" ind1="1" ind2=" ">
    <subfield code="a">Vardani︠a︡n, Artak,</subfield>
    <subfield code="d">1951-</subfield>
  </datafield>
  <datafield tag="400" ind1="1" ind2=" ">
    <subfield code="a">Vardanyan, Artak Vardani,</subfield>
    <subfield code="d">1951-</subfield>
  </datafield>
  <datafield tag="400" ind1="1" ind2=" ">
    <subfield code="a">Вартанян, Артак Вартанович,</subfield>
    <subfield code="d">1951-</subfield>
  </datafield>
  <datafield tag="400" ind1="1" ind2=" ">
    <subfield code="a">Vartani︠a︡n, Artak Vartanovich,</subfield>
    <subfield code="d">1951-</subfield>
  </datafield>
  <datafield tag="667" ind1=" " ind2=" ">
    <subfield code="a">Non-Latin script reference not evaluated.</subfield>
  </datafield>
  <datafield tag="670" ind1=" " ind2=" ">
    <subfield code="a">Vardanyan, Artak. Nzhdehyan masunkʻner, 2001:</subfield>
    <subfield code="b">t.p. (Artak Vardanyan) colophon (Artak Vardani Vardanyan)</subfield>
  </datafield>
  <datafield tag="670" ind1=" " ind2=" ">
    <subfield code="a">Zov vishapasara, 2010:</subfield>
    <subfield code="b">page four of cover (born 1951, Aznabera, Nakhidzhevan)</subfield>
  </datafield>
  <datafield tag="670" ind1=" " ind2=" ">
    <subfield code="a">Vayotsʻ Dzori mijbarbaṛě, 2004:</subfield>
    <subfield code="b">colophon (Artak Vartanovich Vartani︠a︡n)</subfield>
  </datafield>
  <datafield tag="670" ind1=" " ind2=" ">
    <subfield code="a">Hmayilě, 2015:</subfield>
    <subfield code="b">colophon (Artak Vardani︠a︡n)</subfield>
  </datafield>
  <datafield tag="953" ind1=" " ind2=" ">
    <subfield code="a">yj32</subfield>
  </datafield>
</record>