
<record>
  <leader>00689cz  a2200205n  4500</leader>
  <controlfield tag="001">5619481</controlfield>
  <controlfield tag="003">DLC</controlfield>
  <controlfield tag="005">20200101073207.0</controlfield>
  <controlfield tag="008">020404n| azannaabn          |a aaa     c</controlfield>
  <datafield tag="010" ind1=" " ind2=" ">
    <subfield code="a">no2002028017</subfield>
  </datafield>
  <datafield tag="016" ind1=" " ind2=" ">
    <subfield code="a">1009A3973E</subfield>
  </datafield>
  <datafield tag="035" ind1=" " ind2=" ">
    <subfield code="a">(OCoLC)oca05729013</subfield>
  </datafield>
  <datafield tag="040" ind1=" " ind2=" ">
    <subfield code="a">DGU-L</subfield>
    <subfield code="b">eng</subfield>
    <subfield code="e">rda</subfield>
    <subfield code="c">DGU-L</subfield>
    <subfield code="d">CaOONL</subfield>
  </datafield>
  <datafield tag="042" ind1=" " ind2=" ">
    <subfield code="a">nlc</subfield>
  </datafield>
  <datafield tag="046" ind1=" " ind2=" ">
    <subfield code="f">1966</subfield>
    <subfield code="2">edtf</subfield>
  </datafield>
  <datafield tag="100" ind1="1" ind2=" ">
    <subfield code="a">Harris, Douglas C.</subfield>
    <subfield code="q">(Douglas Colebrook)</subfield>
  </datafield>
  <datafield tag="368" ind1=" " ind2=" ">
    <subfield code="c">Canadians</subfield>
    <subfield code="2">lcdgt</subfield>
  </datafield>
  <datafield tag="400" ind1="1" ind2=" ">
    <subfield code="a">Harris, Douglas Colebrook</subfield>
  </datafield>
  <datafield tag="670" ind1=" " ind2=" ">
    <subfield code="a">Fish, law, and colonialism, c2001:</subfield>
    <subfield code="b">t.p. (Douglas C. Harris) Can. CIP (Harris, Douglas C. (Douglas Colebrook))</subfield>
  </datafield>
  <datafield tag="670" ind1=" " ind2=" ">
    <subfield code="a">LAC internal file, December 31, 2019</subfield>
    <subfield code="b">(Canadian; born 1966; Douglas Colebrook Harris)</subfield>
  </datafield>
</record>