
<record>
  <leader>00689cz  a2200217n  4500</leader>
  <controlfield tag="001">5682477</controlfield>
  <controlfield tag="003">DLC</controlfield>
  <controlfield tag="005">20200101073207.0</controlfield>
  <controlfield tag="008">020620n| azannaabn          |a aaa      </controlfield>
  <datafield tag="010" ind1=" " ind2=" ">
    <subfield code="a">n 2002070384</subfield>
  </datafield>
  <datafield tag="035" ind1=" " ind2=" ">
    <subfield code="a">(OCoLC)oca05793464</subfield>
  </datafield>
  <datafield tag="040" ind1=" " ind2=" ">
    <subfield code="a">DLC</subfield>
    <subfield code="b">eng</subfield>
    <subfield code="e">rda</subfield>
    <subfield code="c">DLC</subfield>
    <subfield code="d">WaBeWWUM</subfield>
  </datafield>
  <datafield tag="046" ind1=" " ind2=" ">
    <subfield code="f">1908-01-31</subfield>
    <subfield code="g">1951-08-10</subfield>
    <subfield code="2">edtf</subfield>
  </datafield>
  <datafield tag="100" ind1="0" ind2=" ">
    <subfield code="a">Fon-Fon,</subfield>
    <subfield code="d">1908-1951</subfield>
  </datafield>
  <datafield tag="370" ind1=" " ind2=" ">
    <subfield code="c">Brazil</subfield>
    <subfield code="2">naf</subfield>
  </datafield>
  <datafield tag="374" ind1=" " ind2=" ">
    <subfield code="a">Musicians</subfield>
    <subfield code="2">lcdgt</subfield>
  </datafield>
  <datafield tag="400" ind1="0" ind2=" ">
    <subfield code="a">Fon., Fon-,</subfield>
    <subfield code="d">1908-1951</subfield>
  </datafield>
  <datafield tag="400" ind1="1" ind2=" ">
    <subfield code="a">Monteiro, Octavino Romero,</subfield>
    <subfield code="d">1908-1951</subfield>
  </datafield>
  <datafield tag="670" ind1=" " ind2=" ">
    <subfield code="a">Sambas, 194-?:</subfield>
    <subfield code="b">label (Fon-Fon and his orchestra)</subfield>
  </datafield>
  <datafield tag="670" ind1=" " ind2=" ">
    <subfield code="a">Collectors, WWW site, June 20, 2002 (Octavino Romero Monteiro, b. Ja. 31, 1908, d. Aug. 10, 1951)</subfield>
  </datafield>
  <datafield tag="953" ind1=" " ind2=" ">
    <subfield code="a">vk26</subfield>
  </datafield>
</record>