
<record>
  <leader>01350cz  a2200229n  4500</leader>
  <controlfield tag="001">5706789</controlfield>
  <controlfield tag="003">DLC</controlfield>
  <controlfield tag="005">20200101073214.0</controlfield>
  <controlfield tag="008">020716n| azannaabn          |a aaa     c</controlfield>
  <datafield tag="010" ind1=" " ind2=" ">
    <subfield code="a">nr2002026082</subfield>
  </datafield>
  <datafield tag="035" ind1=" " ind2=" ">
    <subfield code="a">(OCoLC)oca05817376</subfield>
  </datafield>
  <datafield tag="040" ind1=" " ind2=" ">
    <subfield code="a">NIC-Mu</subfield>
    <subfield code="b">eng</subfield>
    <subfield code="e">rda</subfield>
    <subfield code="c">NIC-Mu</subfield>
    <subfield code="d">DLC</subfield>
    <subfield code="d">OCoLC</subfield>
  </datafield>
  <datafield tag="046" ind1=" " ind2=" ">
    <subfield code="k">1785</subfield>
    <subfield code="2">edtf</subfield>
  </datafield>
  <datafield tag="100" ind1="1" ind2=" ">
    <subfield code="a">Vanhal, Johann Baptist,</subfield>
    <subfield code="d">1739-1813.</subfield>
    <subfield code="t">Concertos,</subfield>
    <subfield code="m">piano, orchestra,</subfield>
    <subfield code="n">W.IIa: A 1,</subfield>
    <subfield code="r">A major</subfield>
  </datafield>
  <datafield tag="380" ind1=" " ind2=" ">
    <subfield code="a">Concertos</subfield>
    <subfield code="2">lcgft</subfield>
  </datafield>
  <datafield tag="382" ind1="0" ind2=" ">
    <subfield code="b">piano</subfield>
    <subfield code="n">1</subfield>
    <subfield code="p">harpsichord</subfield>
    <subfield code="n">1</subfield>
    <subfield code="a">violin</subfield>
    <subfield code="n">2</subfield>
    <subfield code="a">tenor viol</subfield>
    <subfield code="n">1</subfield>
    <subfield code="a">oboe</subfield>
    <subfield code="n">2</subfield>
    <subfield code="a">horn</subfield>
    <subfield code="n">2</subfield>
    <subfield code="a">double bass</subfield>
    <subfield code="n">1</subfield>
    <subfield code="s">9</subfield>
    <subfield code="2">lcmpt</subfield>
  </datafield>
  <datafield tag="383" ind1=" " ind2=" ">
    <subfield code="c">W.IIa: A 1</subfield>
    <subfield code="d">Weinmann</subfield>
    <subfield code="2">mlati</subfield>
  </datafield>
  <datafield tag="384" ind1="0" ind2=" ">
    <subfield code="a">A major</subfield>
  </datafield>
  <datafield tag="400" ind1="1" ind2=" ">
    <subfield code="a">Vanhal, Johann Baptist,</subfield>
    <subfield code="d">1739-1813.</subfield>
    <subfield code="t">Concertos,</subfield>
    <subfield code="m">harpsichord, orchestra,</subfield>
    <subfield code="n">W.IIa: A 1,</subfield>
    <subfield code="r">A major</subfield>
  </datafield>
  <datafield tag="670" ind1=" " ind2=" ">
    <subfield code="a">Vanhal, J. Konzert für Klavier und Orchester, A-dur WIIa A1, c1999:</subfield>
    <subfield code="b">cover (Konzert für Klavier und Orchester, A-dur WIIa A1) pref. (original t.p. reads Concerte pour le forte piano, ou clavecin a deux violons, 2 obois, 2 cors, tallie, et basse)</subfield>
  </datafield>
  <datafield tag="670" ind1=" " ind2=" ">
    <subfield code="a">RISM OPAC, June 12, 2019</subfield>
    <subfield code="b">(Concerte [!] [A] pour le forte piano, ou clavecin à deux violons, 2 obois, 2 cors, tallie [!], et basse. [Wien, Hoffmeister]; pf, clav (pf), 2 vl, t-vla, b, 2 ob, 2 cor)</subfield>
    <subfield code="u">https://opac.rism.info/search?id=00000990065365&amp;View=rism</subfield>
  </datafield>
  <datafield tag="670" ind1=" " ind2=" ">
    <subfield code="a">Grove music online, June 12, 2019</subfield>
    <subfield code="b">(Concertos; for hpd/pf; A1 (Vienna, 1785))</subfield>
  </datafield>
</record>