
<record>
  <leader>00777cz  a2200205n  4500</leader>
  <controlfield tag="001">5720106</controlfield>
  <controlfield tag="003">DLC</controlfield>
  <controlfield tag="005">20200101073214.0</controlfield>
  <controlfield tag="008">020802n| azannaabn          |a aaa     c</controlfield>
  <datafield tag="010" ind1=" " ind2=" ">
    <subfield code="a">no2002069512</subfield>
  </datafield>
  <datafield tag="035" ind1=" " ind2=" ">
    <subfield code="a">(OCoLC)oca05827788</subfield>
  </datafield>
  <datafield tag="040" ind1=" " ind2=" ">
    <subfield code="a">MBU-T</subfield>
    <subfield code="b">eng</subfield>
    <subfield code="e">rda</subfield>
    <subfield code="c">MBU-T</subfield>
    <subfield code="d">WaBeWWUM</subfield>
  </datafield>
  <datafield tag="046" ind1=" " ind2=" ">
    <subfield code="f">1857</subfield>
    <subfield code="g">1919</subfield>
    <subfield code="2">edtf</subfield>
  </datafield>
  <datafield tag="100" ind1="1" ind2=" ">
    <subfield code="a">Tozer, A. Edmonds</subfield>
    <subfield code="q">(Augustus Edmonds),</subfield>
    <subfield code="d">1857-1919</subfield>
  </datafield>
  <datafield tag="378" ind1=" " ind2=" ">
    <subfield code="q">Augustus Edmonds</subfield>
  </datafield>
  <datafield tag="400" ind1="0" ind2=" ">
    <subfield code="a">A. E. T.</subfield>
    <subfield code="q">(Augustus Edmonds Tozer),</subfield>
    <subfield code="d">1857-1919</subfield>
  </datafield>
  <datafield tag="400" ind1="1" ind2=" ">
    <subfield code="a">Tozer, A. E.</subfield>
    <subfield code="q">(Augustus Edmonds),</subfield>
    <subfield code="d">1857-1919</subfield>
  </datafield>
  <datafield tag="400" ind1="1" ind2=" ">
    <subfield code="a">Tozer, Augustus Edmonds,</subfield>
    <subfield code="d">1857-1919</subfield>
  </datafield>
  <datafield tag="670" ind1=" " ind2=" ">
    <subfield code="a">Catholic Church hymnal ... 1905:</subfield>
    <subfield code="b">t.p. (A. Edmonds Tozer)</subfield>
  </datafield>
  <datafield tag="670" ind1=" " ind2=" ">
    <subfield code="a">OCLC, Aug. 2, 2002:</subfield>
    <subfield code="b">(hdg.: Tozer, A. Edmonds (Augustus Edmonds), 1857-1919; usage: A. Edmonds Tozer; A.E. Tozer; A.E.T.)</subfield>
  </datafield>
</record>