
<record>
  <leader>02838cz  a2200349n  4500</leader>
  <controlfield tag="001">5845217</controlfield>
  <controlfield tag="003">DLC</controlfield>
  <controlfield tag="005">20200101073216.0</controlfield>
  <controlfield tag="008">030115n| azannaabn          |a aaa     c</controlfield>
  <datafield tag="010" ind1=" " ind2=" ">
    <subfield code="a">no2003004292</subfield>
  </datafield>
  <datafield tag="035" ind1=" " ind2=" ">
    <subfield code="a">(OCoLC)oca05950504</subfield>
  </datafield>
  <datafield tag="040" ind1=" " ind2=" ">
    <subfield code="a">WU</subfield>
    <subfield code="b">eng</subfield>
    <subfield code="e">rda</subfield>
    <subfield code="c">WU</subfield>
    <subfield code="d">ICU</subfield>
  </datafield>
  <datafield tag="046" ind1=" " ind2=" ">
    <subfield code="f">1888-02-08</subfield>
    <subfield code="g">1959-11-13</subfield>
    <subfield code="2">edtf</subfield>
  </datafield>
  <datafield tag="100" ind1="1" ind2=" ">
    <subfield code="a">Musil, Ferdinand L.</subfield>
  </datafield>
  <datafield tag="368" ind1=" " ind2=" ">
    <subfield code="c">Czech Americans</subfield>
    <subfield code="2">lcsh</subfield>
  </datafield>
  <datafield tag="370" ind1=" " ind2=" ">
    <subfield code="a">Moravia (Czech Republic)</subfield>
    <subfield code="2">naf</subfield>
  </datafield>
  <datafield tag="370" ind1=" " ind2=" ">
    <subfield code="c">United States</subfield>
    <subfield code="s">1910</subfield>
    <subfield code="2">naf</subfield>
  </datafield>
  <datafield tag="370" ind1=" " ind2=" ">
    <subfield code="e">Chicago (Ill.)</subfield>
    <subfield code="2">naf</subfield>
  </datafield>
  <datafield tag="373" ind1=" " ind2=" ">
    <subfield code="a">Československé národní sdružení v Americe</subfield>
    <subfield code="2">naf</subfield>
  </datafield>
  <datafield tag="374" ind1=" " ind2=" ">
    <subfield code="a">Journalists</subfield>
    <subfield code="a">Poets</subfield>
    <subfield code="2">lcsh</subfield>
  </datafield>
  <datafield tag="375" ind1=" " ind2=" ">
    <subfield code="a">Males</subfield>
    <subfield code="2">lcdgt</subfield>
  </datafield>
  <datafield tag="377" ind1=" " ind2=" ">
    <subfield code="a">cze</subfield>
  </datafield>
  <datafield tag="378" ind1=" " ind2=" ">
    <subfield code="q">Ferdinand Leopold</subfield>
  </datafield>
  <datafield tag="400" ind1="1" ind2=" ">
    <subfield code="a">Musil, Ferd. L.</subfield>
    <subfield code="q">(Ferdinand L.)</subfield>
  </datafield>
  <datafield tag="400" ind1="1" ind2=" ">
    <subfield code="a">Musil, F. L.</subfield>
    <subfield code="q">(Ferdinand L.)</subfield>
  </datafield>
  <datafield tag="670" ind1=" " ind2=" ">
    <subfield code="a">Rostliny kořenné, 1918:</subfield>
    <subfield code="b">t.p. (Ferdinand L. Musil, odborný spisovatel [professional writer] v Chicagu) p. facing t.p. (Ferd. L. Musil)</subfield>
  </datafield>
  <datafield tag="670" ind1=" " ind2=" ">
    <subfield code="a">Ancestry.com WWW site, August 31, 2017:</subfield>
    <subfield code="b">World War II Draft Cards [Fourth Registration] for the State of Illinois; Record Group Title: Records of the Selective Service System, 1926-1975; Record Group Number: 147; Series Number: M2097 (Ferdinand Leopold Musil; born 8 February 1888 in Moravia; works for the Denní Hlasatel) U.S. Naturalization Record Indexes, 1791-1992; Soundex Index to Naturalization Petitions for the United States District and Circuit Courts, Northern District of Illinois and Immigration and Naturalization Service District 9, 1840-1950 (M1285); Microfilm Serial: M1285; Microfilm Roll: 117 (Musil, Ferdinand Leopold; born 8 February 1888; came to the United States in 1910; naturalized as a U.S. citizen in 1922)</subfield>
  </datafield>
  <datafield tag="670" ind1=" " ind2=" ">
    <subfield code="a">Czech it out, 2015:</subfield>
    <subfield code="b">page 515 (Musil, Ferdinand L., 1888- ; born in Moravia; journalist, writer, and poet)</subfield>
  </datafield>
  <datafield tag="670" ind1=" " ind2=" ">
    <subfield code="a">Find a Grave WWW site, September 6, 2017:</subfield>
    <subfield code="b">Ferdinand L. Musil page ([inscription on gravestone:] Ferdinand L. Musil, nar. 8 února 1882; zem 13 list. 1959 [= born 8 February 1882; died 13 November 1959]; buried at the Bohemian National Cemetery in Chicago)</subfield>
    <subfield code="u">https://www.findagrave.com/cgi-bin/fg.cgi?page=gr&amp;GRid=139361769&amp;ref=acom</subfield>
  </datafield>
  <datafield tag="670" ind1=" " ind2=" ">
    <subfield code="a">New homes for old, 1921:</subfield>
    <subfield code="b">page 314 (Ferdinand L. Musil; secrtary of the Czechoslovak National Alliance)</subfield>
  </datafield>
  <datafield tag="670" ind1=" " ind2=" ">
    <subfield code="a">Encyclopedia of Bohemian and Czech-American biography, 2016:</subfield>
    <subfield code="b">Volume 2, page 1015 (Ferdinand Musil (1888-1959); born in Moravia; Czech-American journalist; edited the Komenský monthly (1914-1918), the Nové směry monthly (1915), the Poselství monthly (1919-1921), and, after 1923, member of the editorial staff for Denní hlasatel and editor of Sokol americký)</subfield>
  </datafield>
  <datafield tag="670" ind1=" " ind2=" ">
    <subfield code="a">Tyršovo sokolství v Americe, 1932:</subfield>
    <subfield code="b">title page (Ferdinand L. Musil, redaktor Sokola amerického [= editor of Sokol americký]) page 4 (F.L. Musil)</subfield>
  </datafield>
</record>