
<record>
  <leader>00961cz  a2200229n  4500</leader>
  <controlfield tag="001">6000751</controlfield>
  <controlfield tag="003">DLC</controlfield>
  <controlfield tag="005">20200101073216.0</controlfield>
  <controlfield tag="008">030718n| azannaabn          |a aaa      </controlfield>
  <datafield tag="010" ind1=" " ind2=" ">
    <subfield code="a">no2003070913</subfield>
  </datafield>
  <datafield tag="035" ind1=" " ind2=" ">
    <subfield code="a">(OCoLC)oca06102533</subfield>
  </datafield>
  <datafield tag="040" ind1=" " ind2=" ">
    <subfield code="a">DLC-ON</subfield>
    <subfield code="b">eng</subfield>
    <subfield code="e">rda</subfield>
    <subfield code="c">DLC-ON</subfield>
    <subfield code="d">DLC</subfield>
    <subfield code="d">DNLM</subfield>
  </datafield>
  <datafield tag="053" ind1=" " ind2="0">
    <subfield code="a">PR9499.4.K357</subfield>
  </datafield>
  <datafield tag="100" ind1="0" ind2=" ">
    <subfield code="a">Kalpish Ratna</subfield>
  </datafield>
  <datafield tag="374" ind1=" " ind2=" ">
    <subfield code="a">Surgeons</subfield>
    <subfield code="2">mesh</subfield>
  </datafield>
  <datafield tag="400" ind1="1" ind2=" ">
    <subfield code="a">Ratna, Kalpish</subfield>
  </datafield>
  <datafield tag="500" ind1="0" ind2=" ">
    <subfield code="w">nnnc</subfield>
    <subfield code="a">Kalpana Swaminathan</subfield>
  </datafield>
  <datafield tag="500" ind1="1" ind2=" ">
    <subfield code="w">nnnc</subfield>
    <subfield code="a">Syed, Ishrat</subfield>
  </datafield>
  <datafield tag="663" ind1=" " ind2=" ">
    <subfield code="a">Joint pseudonym of Kalpana Swaminathan and Ishrat Syed. For works of these authors written under their own names, seach also under:</subfield>
    <subfield code="b">Kalpana Swaminathan</subfield>
    <subfield code="b">Syed, Ishrat</subfield>
  </datafield>
  <datafield tag="670" ind1=" " ind2=" ">
    <subfield code="a">Doctor Wrasse of Crystal Rock, c2003:</subfield>
    <subfield code="b">(Kalpish Ratna) p. 4 of cover (pseud. of Kalpana Swaminathan and Ishrat Syed)</subfield>
  </datafield>
  <datafield tag="670" ind1=" " ind2=" ">
    <subfield code="a">The secret life of Zika virus, 2017:</subfield>
    <subfield code="b">title page (Kalpish Ratna) title page verso (pseudonym of surgeons, Ishrat Syed and Kalpana Swaminathan)</subfield>
  </datafield>
  <datafield tag="953" ind1=" " ind2=" ">
    <subfield code="b">ys17</subfield>
    <subfield code="b">wd33</subfield>
  </datafield>
</record>