
<record>
  <leader>00905cz  a2200193n  4500</leader>
  <controlfield tag="001">6411395</controlfield>
  <controlfield tag="003">DLC</controlfield>
  <controlfield tag="005">20200101073215.0</controlfield>
  <controlfield tag="008">041202n| azannaabn          |n aaa     c</controlfield>
  <datafield tag="010" ind1=" " ind2=" ">
    <subfield code="a">no2004116710</subfield>
  </datafield>
  <datafield tag="035" ind1=" " ind2=" ">
    <subfield code="a">(OCoLC)oca06506806</subfield>
  </datafield>
  <datafield tag="040" ind1=" " ind2=" ">
    <subfield code="a">TxCM</subfield>
    <subfield code="b">eng</subfield>
    <subfield code="e">rda</subfield>
    <subfield code="c">TxCM</subfield>
    <subfield code="d">WaBeW</subfield>
  </datafield>
  <datafield tag="100" ind1="1" ind2=" ">
    <subfield code="a">Montgomery, Ellyn T.</subfield>
  </datafield>
  <datafield tag="370" ind1=" " ind2=" ">
    <subfield code="f">Woods Hole (Mass.)</subfield>
    <subfield code="2">naf</subfield>
  </datafield>
  <datafield tag="373" ind1=" " ind2=" ">
    <subfield code="a">Geological Survey (U.S.)</subfield>
    <subfield code="2">naf</subfield>
  </datafield>
  <datafield tag="374" ind1=" " ind2=" ">
    <subfield code="a">Oceanographers</subfield>
    <subfield code="2">lcsh</subfield>
  </datafield>
  <datafield tag="670" ind1=" " ind2=" ">
    <subfield code="a">The High Resolution Profiler (HRP), 1991:</subfield>
    <subfield code="b">t.p. (Ellyn T. Montgomery)</subfield>
  </datafield>
  <datafield tag="670" ind1=" " ind2=" ">
    <subfield code="a">USGS.gov, December 31, 2019:</subfield>
    <subfield code="b">Ellyn Montgomery (oceanographer; works for the United States Geological Survey; professionally based in Woods Hole, Massachusetts)</subfield>
    <subfield code="u">https://www.usgs.gov/staff-profiles/ellyn-montgomery?qt-staff_profile_science_products=0#qt-staff_profile_science_products</subfield>
  </datafield>
  <datafield tag="670" ind1=" " ind2=" ">
    <subfield code="a">OCLC, December 31, 2019</subfield>
    <subfield code="b">(usage: Ellyn T. Montgomery, Ellyn Montgomery, E. T. Montgomery)</subfield>
  </datafield>
</record>