
<record>
  <leader>00767cz  a2200181n  4500</leader>
  <controlfield tag="001">6663478</controlfield>
  <controlfield tag="003">DLC</controlfield>
  <controlfield tag="005">20200101073207.0</controlfield>
  <controlfield tag="008">051012n| azannaabn          |n aaa      </controlfield>
  <datafield tag="010" ind1=" " ind2=" ">
    <subfield code="a">n 2005076269</subfield>
  </datafield>
  <datafield tag="035" ind1=" " ind2=" ">
    <subfield code="a">(OCoLC)oca06757353</subfield>
  </datafield>
  <datafield tag="040" ind1=" " ind2=" ">
    <subfield code="a">DLC</subfield>
    <subfield code="b">eng</subfield>
    <subfield code="e">rda</subfield>
    <subfield code="c">DLC</subfield>
    <subfield code="d">DLC</subfield>
    <subfield code="d">OCoLC</subfield>
  </datafield>
  <datafield tag="046" ind1=" " ind2=" ">
    <subfield code="f">1965-07-21</subfield>
    <subfield code="2">edtf</subfield>
  </datafield>
  <datafield tag="053" ind1=" " ind2="0">
    <subfield code="a">PS3620.H688</subfield>
  </datafield>
  <datafield tag="100" ind1="1" ind2=" ">
    <subfield code="a">Thompson, Sidney,</subfield>
    <subfield code="d">1965-</subfield>
  </datafield>
  <datafield tag="670" ind1=" " ind2=" ">
    <subfield code="a">Thompson, Sidney. Sideshow stories, 2006:</subfield>
    <subfield code="b">ECIP t.p. (Sidney Thompson) data view (b. July 21, 1965)</subfield>
  </datafield>
  <datafield tag="670" ind1=" " ind2=" ">
    <subfield code="a">Follow the angels, follow the doves, 2020:</subfield>
    <subfield code="b">ECIP t.p. (Sidney Thompson) data view (Sidney Thompson; Ph.D., U. of North Texas, 2015. English instructor, Texas Christian University. Author of You/wee : poems from a father, and Sideshow : stories)</subfield>
  </datafield>
  <datafield tag="953" ind1=" " ind2=" ">
    <subfield code="a">lh22</subfield>
    <subfield code="b">lh03 (053)</subfield>
  </datafield>
</record>