
<record>
  <leader>00946cz  a2200241n  4500</leader>
  <controlfield tag="001">6881292</controlfield>
  <controlfield tag="003">DLC</controlfield>
  <controlfield tag="005">20200101073131.0</controlfield>
  <controlfield tag="008">060530n| azannaabn          |b aaa     c</controlfield>
  <datafield tag="010" ind1=" " ind2=" ">
    <subfield code="a">no2006062353</subfield>
  </datafield>
  <datafield tag="035" ind1=" " ind2=" ">
    <subfield code="a">(OCoLC)oca06970333</subfield>
  </datafield>
  <datafield tag="040" ind1=" " ind2=" ">
    <subfield code="a">CU-S</subfield>
    <subfield code="b">eng</subfield>
    <subfield code="e">rda</subfield>
    <subfield code="c">CU-S</subfield>
    <subfield code="d">OCoLC</subfield>
    <subfield code="d">NNC</subfield>
  </datafield>
  <datafield tag="046" ind1=" " ind2=" ">
    <subfield code="f">1950-02-06</subfield>
    <subfield code="g">2019</subfield>
    <subfield code="2">edtf</subfield>
  </datafield>
  <datafield tag="100" ind1="1" ind2=" ">
    <subfield code="a">Azuma, Hideo,</subfield>
    <subfield code="d">1950-2019</subfield>
  </datafield>
  <datafield tag="370" ind1=" " ind2=" ">
    <subfield code="a">Hokkaido (Japan)</subfield>
    <subfield code="2">naf</subfield>
  </datafield>
  <datafield tag="374" ind1=" " ind2=" ">
    <subfield code="a">Cartoonists</subfield>
    <subfield code="2">lcsh</subfield>
  </datafield>
  <datafield tag="400" ind1="1" ind2=" ">
    <subfield code="w">nne</subfield>
    <subfield code="a">Azuma, Hideo,</subfield>
    <subfield code="d">1950-</subfield>
  </datafield>
  <datafield tag="400" ind1="1" ind2=" ">
    <subfield code="a">吾妻ひでお,</subfield>
    <subfield code="d">1950-2019</subfield>
  </datafield>
  <datafield tag="400" ind1="1" ind2=" ">
    <subfield code="a">吾妻日出夫,</subfield>
    <subfield code="d">1950-2019</subfield>
  </datafield>
  <datafield tag="667" ind1=" " ind2=" ">
    <subfield code="a">Machine-derived non-Latin script reference project.</subfield>
  </datafield>
  <datafield tag="667" ind1=" " ind2=" ">
    <subfield code="a">Non-Latin script references not evaluated.</subfield>
  </datafield>
  <datafield tag="670" ind1=" " ind2=" ">
    <subfield code="a">Shissō nikki, 2005:</subfield>
    <subfield code="b">t.p. (Azuma Hideo) jacket (b. Feb. 6, 1950 in Hokkaido; cartoonist)</subfield>
  </datafield>
  <datafield tag="670" ind1=" " ind2=" ">
    <subfield code="a">JTNDL in VIAF, Dec. 30, 2019</subfield>
    <subfield code="b">(access point: 吾妻, ひでお, 1950-2019 = Azuma, Hideo, 1950-2019; r; x-ref.: real name: 吾妻, 日出夫 = Azuma, Hideo)</subfield>
  </datafield>
</record>