
<record>
  <leader>00785cz  a2200217n  4500</leader>
  <controlfield tag="001">6908587</controlfield>
  <controlfield tag="003">DLC</controlfield>
  <controlfield tag="005">20200101073133.0</controlfield>
  <controlfield tag="008">060718n| azannaabn          |a aaa      </controlfield>
  <datafield tag="010" ind1=" " ind2=" ">
    <subfield code="a">n 2006055570</subfield>
  </datafield>
  <datafield tag="035" ind1=" " ind2=" ">
    <subfield code="a">(OCoLC)oca06998259</subfield>
  </datafield>
  <datafield tag="040" ind1=" " ind2=" ">
    <subfield code="a">DLC</subfield>
    <subfield code="b">eng</subfield>
    <subfield code="c">DLC</subfield>
    <subfield code="e">rda</subfield>
    <subfield code="d">MdRoLAC</subfield>
  </datafield>
  <datafield tag="100" ind1="1" ind2=" ">
    <subfield code="a">Dhingra, Pawan</subfield>
  </datafield>
  <datafield tag="372" ind1=" " ind2=" ">
    <subfield code="a">United States</subfield>
    <subfield code="2">lcsh</subfield>
  </datafield>
  <datafield tag="373" ind1=" " ind2=" ">
    <subfield code="a">Amherst College</subfield>
    <subfield code="a">Cornell University</subfield>
    <subfield code="2">naf</subfield>
  </datafield>
  <datafield tag="374" ind1=" " ind2=" ">
    <subfield code="a">College teachers</subfield>
    <subfield code="2">lcsh</subfield>
  </datafield>
  <datafield tag="400" ind1="1" ind2=" ">
    <subfield code="a">Dhingra, Pawan H.</subfield>
  </datafield>
  <datafield tag="670" ind1=" " ind2=" ">
    <subfield code="a">Dhingra, Pawan. Managing multicultural lives, 2007:</subfield>
    <subfield code="b">ECIP t.p. (Pawan Dhingra) Data view (Dhingra Pawan H., Ph.D. Cornell)</subfield>
  </datafield>
  <datafield tag="670" ind1=" " ind2=" ">
    <subfield code="a">Hyper education, 2020:</subfield>
    <subfield code="b">eCIP title page (Pawan Dhingra)</subfield>
  </datafield>
  <datafield tag="670" ind1=" " ind2=" ">
    <subfield code="a">Amherst College profile, viewed 31 December 2019:</subfield>
    <subfield code="b">(Pawan H. Dhingra  American Studies)</subfield>
  </datafield>
  <datafield tag="953" ind1=" " ind2=" ">
    <subfield code="a">sd21</subfield>
  </datafield>
</record>