
<record>
  <leader>00725cz  a2200193n  4500</leader>
  <controlfield tag="001">6961174</controlfield>
  <controlfield tag="003">DLC</controlfield>
  <controlfield tag="005">20200101073133.0</controlfield>
  <controlfield tag="008">060821n| azannaabn          |n aaa     c</controlfield>
  <datafield tag="010" ind1=" " ind2=" ">
    <subfield code="a">no2006096610</subfield>
  </datafield>
  <datafield tag="016" ind1=" " ind2=" ">
    <subfield code="a">1003J9130E</subfield>
  </datafield>
  <datafield tag="035" ind1=" " ind2=" ">
    <subfield code="a">(OCoLC)oca07048563</subfield>
  </datafield>
  <datafield tag="040" ind1=" " ind2=" ">
    <subfield code="a">NNU-L</subfield>
    <subfield code="b">eng</subfield>
    <subfield code="e">rda</subfield>
    <subfield code="c">NNU-L</subfield>
    <subfield code="d">CaOONL</subfield>
  </datafield>
  <datafield tag="042" ind1=" " ind2=" ">
    <subfield code="a">nlc</subfield>
  </datafield>
  <datafield tag="100" ind1="1" ind2=" ">
    <subfield code="a">Cadesky, Michael</subfield>
  </datafield>
  <datafield tag="377" ind1=" " ind2=" ">
    <subfield code="a">eng</subfield>
  </datafield>
  <datafield tag="670" ind1=" " ind2=" ">
    <subfield code="a">Trusts and international tax treaties, c2006</subfield>
    <subfield code="b">t.p. (Michael Cadesky; chairman, STEP Worldwide)</subfield>
  </datafield>
  <datafield tag="670" ind1=" " ind2=" ">
    <subfield code="a">International Tax Specialist Group WWW site, Aug. 21, 2006</subfield>
    <subfield code="b">(Michael Cadesky FCA, FTIHK, TEP, managing partner, Cadesky and Assoc., Toronto, Canada)</subfield>
  </datafield>
  <datafield tag="670" ind1=" " ind2=" ">
    <subfield code="a">NLC in OCLC, Sept. 12, 2006</subfield>
    <subfield code="b">(hdg.: Cadesky, Michael; usage: Michael Cadesky)</subfield>
  </datafield>
</record>