
<record>
  <leader>00765cz  a2200169n  4500</leader>
  <controlfield tag="001">7372731</controlfield>
  <controlfield tag="003">DLC</controlfield>
  <controlfield tag="005">20200101073132.0</controlfield>
  <controlfield tag="008">071205n| azannaabn          |n aaa      </controlfield>
  <datafield tag="010" ind1=" " ind2=" ">
    <subfield code="a">no2007149020</subfield>
  </datafield>
  <datafield tag="035" ind1=" " ind2=" ">
    <subfield code="a">(OCoLC)oca07599327</subfield>
  </datafield>
  <datafield tag="040" ind1=" " ind2=" ">
    <subfield code="a">WU</subfield>
    <subfield code="b">eng</subfield>
    <subfield code="e">rda</subfield>
    <subfield code="c">WU</subfield>
    <subfield code="d">DLC</subfield>
    <subfield code="d">OCoLC</subfield>
  </datafield>
  <datafield tag="100" ind1="1" ind2=" ">
    <subfield code="a">Spronk, Susan</subfield>
  </datafield>
  <datafield tag="374" ind1=" " ind2=" ">
    <subfield code="a">Authors</subfield>
    <subfield code="2">lcsh</subfield>
  </datafield>
  <datafield tag="375" ind1=" " ind2=" ">
    <subfield code="a">Females</subfield>
    <subfield code="2">lcdgt</subfield>
  </datafield>
  <datafield tag="670" ind1=" " ind2=" ">
    <subfield code="a">Despues de las guerras del agua, c2007:</subfield>
    <subfield code="b">t.p. (Susan Spronk)</subfield>
  </datafield>
  <datafield tag="670" ind1=" " ind2=" ">
    <subfield code="a">Repensar lo público, diciembre de 2018:</subfield>
    <subfield code="b">t.p. (Susan Spronk) front cover flap (Associate Professor of the Faculty of International Development and Global Studies of the University of Ottawa, Canada ; graduated in Politics and Government from the University of Alberta and PhD in Political Science from the University of York)</subfield>
  </datafield>
</record>