
<record>
  <leader>00444cz  a2200169n  4500</leader>
  <controlfield tag="001">7448136</controlfield>
  <controlfield tag="003">DLC</controlfield>
  <controlfield tag="005">20200101073132.0</controlfield>
  <controlfield tag="008">080226n| azannaabn          |a aaa      </controlfield>
  <datafield tag="010" ind1=" " ind2=" ">
    <subfield code="a">n 2008013602</subfield>
  </datafield>
  <datafield tag="035" ind1=" " ind2=" ">
    <subfield code="a">(OCoLC)oca07675409</subfield>
  </datafield>
  <datafield tag="040" ind1=" " ind2=" ">
    <subfield code="a">DLC</subfield>
    <subfield code="b">eng</subfield>
    <subfield code="e">rda</subfield>
    <subfield code="c">DLC</subfield>
    <subfield code="d">DLC</subfield>
    <subfield code="d">MoSW-Mu</subfield>
  </datafield>
  <datafield tag="100" ind1="0" ind2=" ">
    <subfield code="a">Dr. B.</subfield>
  </datafield>
  <datafield tag="400" ind1="1" ind2=" ">
    <subfield code="w">nne</subfield>
    <subfield code="a">B.,</subfield>
    <subfield code="c">Dr.</subfield>
  </datafield>
  <datafield tag="670" ind1=" " ind2=" ">
    <subfield code="a">My first wife&apos;s dead, 1868</subfield>
    <subfield code="b">(Dr. B)</subfield>
  </datafield>
  <datafield tag="670" ind1=" " ind2=" ">
    <subfield code="a">LC data base, Feb. 26, 2008</subfield>
    <subfield code="b">(hdg.: B., Dr.)</subfield>
  </datafield>
  <datafield tag="953" ind1=" " ind2=" ">
    <subfield code="a">vk07</subfield>
  </datafield>
</record>