
<record>
  <leader>00848cz  a2200193n  4500</leader>
  <controlfield tag="001">7540515</controlfield>
  <controlfield tag="003">DLC</controlfield>
  <controlfield tag="005">20200101073132.0</controlfield>
  <controlfield tag="008">080508n| azannaabn          |a aaa      </controlfield>
  <datafield tag="010" ind1=" " ind2=" ">
    <subfield code="a">nb2008009982</subfield>
  </datafield>
  <datafield tag="035" ind1=" " ind2=" ">
    <subfield code="a">(OCoLC)oca07771286</subfield>
  </datafield>
  <datafield tag="040" ind1=" " ind2=" ">
    <subfield code="a">Uk</subfield>
    <subfield code="b">eng</subfield>
    <subfield code="e">rda</subfield>
    <subfield code="c">Uk</subfield>
    <subfield code="d">HU</subfield>
  </datafield>
  <datafield tag="100" ind1="1" ind2=" ">
    <subfield code="a">Laimer, Hans Jörg</subfield>
  </datafield>
  <datafield tag="372" ind1=" " ind2=" ">
    <subfield code="a">Geological mapping</subfield>
    <subfield code="a">Geomorphological mapping</subfield>
    <subfield code="a">Hydrology, Karst</subfield>
    <subfield code="2">lcsh</subfield>
  </datafield>
  <datafield tag="373" ind1=" " ind2=" ">
    <subfield code="a">Universität Salzburg. Fachbereich Geographie und Geologie</subfield>
    <subfield code="2">naf</subfield>
  </datafield>
  <datafield tag="374" ind1=" " ind2=" ">
    <subfield code="a">Geologists</subfield>
    <subfield code="a">Cartographers</subfield>
    <subfield code="2">lcsh</subfield>
  </datafield>
  <datafield tag="400" ind1="1" ind2=" ">
    <subfield code="a">Laimer, H. J.</subfield>
    <subfield code="q">(Hans Jörg)</subfield>
  </datafield>
  <datafield tag="670" ind1=" " ind2=" ">
    <subfield code="a">Karstwasserdynamik des Ischler und Ausseer Salzbergs, 2006:</subfield>
    <subfield code="b">t.p. (Hans Jörg Lainer) p.217 (H. J. Laimer)</subfield>
  </datafield>
  <datafield tag="670" ind1=" " ind2=" ">
    <subfield code="a">Karst groundwater vulnerability assessment in a pre-Alpine fluviokarst system, 2006:</subfield>
    <subfield code="b">map recto (Hans J. Laimer; Dep. of Geography and Geology, University of Salzburg)</subfield>
  </datafield>
</record>