
<record>
  <leader>01134cz  a2200253n  4500</leader>
  <controlfield tag="001">7667467</controlfield>
  <controlfield tag="003">DLC</controlfield>
  <controlfield tag="005">20200101073127.0</controlfield>
  <controlfield tag="008">080926n| azannaabn          |a aaa      </controlfield>
  <datafield tag="010" ind1=" " ind2=" ">
    <subfield code="a">n 2008066195</subfield>
  </datafield>
  <datafield tag="035" ind1=" " ind2=" ">
    <subfield code="a">(OCoLC)oca07891317</subfield>
  </datafield>
  <datafield tag="040" ind1=" " ind2=" ">
    <subfield code="a">DLC</subfield>
    <subfield code="b">eng</subfield>
    <subfield code="c">DLC</subfield>
    <subfield code="e">rda</subfield>
    <subfield code="d">ICrlF</subfield>
  </datafield>
  <datafield tag="100" ind1="1" ind2=" ">
    <subfield code="a">McCoy, Chris</subfield>
    <subfield code="q">(Christopher)</subfield>
  </datafield>
  <datafield tag="370" ind1=" " ind2=" ">
    <subfield code="e">Los Angeles County (Calif.)</subfield>
    <subfield code="2">naf</subfield>
  </datafield>
  <datafield tag="372" ind1=" " ind2=" ">
    <subfield code="a">Children&apos;s literature</subfield>
    <subfield code="a">Motion picture authorship</subfield>
    <subfield code="2">lcsh</subfield>
  </datafield>
  <datafield tag="374" ind1=" " ind2=" ">
    <subfield code="a">Authors</subfield>
    <subfield code="a">Screenwriters</subfield>
    <subfield code="2">lcsh</subfield>
  </datafield>
  <datafield tag="375" ind1=" " ind2=" ">
    <subfield code="a">Males</subfield>
    <subfield code="2">lcdgt</subfield>
  </datafield>
  <datafield tag="377" ind1=" " ind2=" ">
    <subfield code="a">eng</subfield>
  </datafield>
  <datafield tag="378" ind1=" " ind2=" ">
    <subfield code="q">Christopher</subfield>
  </datafield>
  <datafield tag="400" ind1="1" ind2=" ">
    <subfield code="a">McCoy, Christopher</subfield>
  </datafield>
  <datafield tag="670" ind1=" " ind2=" ">
    <subfield code="a">McCoy, Chris. Scurvy Goonda, 2009:</subfield>
    <subfield code="b">ECip t.p. (Chris McCoy)</subfield>
  </datafield>
  <datafield tag="670" ind1=" " ind2=" ">
    <subfield code="a">Penguin Random House website, Dec. 31, 2019 :</subfield>
    <subfield code="b">(&quot;Chris McCoy is a screenwriter and director who has written for Paramount, DreamWorks, Disney, Laika, and Marvel. He has contributed to McSweeney&apos;s and The Believer and is also the author of the novel Scurvy Goonda. He lives in Venice, California.&quot;)</subfield>
  </datafield>
  <datafield tag="670" ind1=" " ind2=" ">
    <subfield code="a">Marvel Cinematic Universe Fandom Wiki website, Dec. 31, 2019 :</subfield>
    <subfield code="b">(&quot;Christopher McCoy wrote the screenplay for Guardians of the Galaxy.&quot;)</subfield>
  </datafield>
  <datafield tag="953" ind1=" " ind2=" ">
    <subfield code="a">lb24</subfield>
  </datafield>
</record>