
<record>
  <leader>00674cz  a2200181n  4500</leader>
  <controlfield tag="001">7726215</controlfield>
  <controlfield tag="003">DLC</controlfield>
  <controlfield tag="005">20200101073127.0</controlfield>
  <controlfield tag="008">081125n| azannaabn          |n aaa     c</controlfield>
  <datafield tag="010" ind1=" " ind2=" ">
    <subfield code="a">no2008175197</subfield>
  </datafield>
  <datafield tag="016" ind1=" " ind2=" ">
    <subfield code="a">1019J3326E</subfield>
  </datafield>
  <datafield tag="035" ind1=" " ind2=" ">
    <subfield code="a">(OCoLC)oca07947990</subfield>
  </datafield>
  <datafield tag="040" ind1=" " ind2=" ">
    <subfield code="a">CaNfSM</subfield>
    <subfield code="b">eng</subfield>
    <subfield code="e">rda</subfield>
    <subfield code="c">CaNfSM</subfield>
    <subfield code="d">CaNfSM</subfield>
    <subfield code="d">CaOONL</subfield>
  </datafield>
  <datafield tag="042" ind1=" " ind2=" ">
    <subfield code="a">nlc</subfield>
  </datafield>
  <datafield tag="046" ind1=" " ind2=" ">
    <subfield code="f">1967</subfield>
    <subfield code="2">edtf</subfield>
  </datafield>
  <datafield tag="100" ind1="1" ind2=" ">
    <subfield code="a">Bogdanski, Bryan E. C.</subfield>
    <subfield code="q">(Bryan Edward Cooper),</subfield>
    <subfield code="d">1967-</subfield>
  </datafield>
  <datafield tag="670" ind1=" " ind2=" ">
    <subfield code="a">Canada&apos;s boreal forest economy, 2008:</subfield>
    <subfield code="b">t.p. (Bryan E.C. Bogdanski, Natural Resources Canada, Canadian Forest Service, Pacific Forestry Centre)</subfield>
  </datafield>
  <datafield tag="670" ind1=" " ind2=" ">
    <subfield code="a">LAC Amicus, November 25, 2008:</subfield>
    <subfield code="b">hdg (Bogdanski, Bryan E. C. (Bryan Edward Cooper), 1967-)</subfield>
  </datafield>
</record>