
<record>
  <leader>00411cz  a2200145n  4500</leader>
  <controlfield tag="001">7902153</controlfield>
  <controlfield tag="003">DLC</controlfield>
  <controlfield tag="005">20200101073204.0</controlfield>
  <controlfield tag="008">090527n| azannaabn          |n aaa      </controlfield>
  <datafield tag="010" ind1=" " ind2=" ">
    <subfield code="a">n 2009032978</subfield>
  </datafield>
  <datafield tag="035" ind1=" " ind2=" ">
    <subfield code="a">(OCoLC)oca08123259</subfield>
  </datafield>
  <datafield tag="040" ind1=" " ind2=" ">
    <subfield code="a">DLC</subfield>
    <subfield code="b">eng</subfield>
    <subfield code="c">DLC</subfield>
    <subfield code="e">rda</subfield>
    <subfield code="d">DLC</subfield>
    <subfield code="d">OCoLC</subfield>
  </datafield>
  <datafield tag="100" ind1="1" ind2=" ">
    <subfield code="a">Siebers, Lucia</subfield>
  </datafield>
  <datafield tag="670" ind1=" " ind2=" ">
    <subfield code="a">World Englishes-- problems, properties and prospects, 2009:</subfield>
    <subfield code="b">E-CIP t.p. (Lucia Siebers)</subfield>
  </datafield>
  <datafield tag="953" ind1=" " ind2=" ">
    <subfield code="a">ce04</subfield>
  </datafield>
</record>