
<record>
  <leader>01057cz  a2200241n  4500</leader>
  <controlfield tag="001">7985807</controlfield>
  <controlfield tag="003">DLC</controlfield>
  <controlfield tag="005">20200101231731.0</controlfield>
  <controlfield tag="008">090813n| azannaabn          |n aaa     c</controlfield>
  <datafield tag="010" ind1=" " ind2=" ">
    <subfield code="a">no2009125685</subfield>
  </datafield>
  <datafield tag="035" ind1=" " ind2=" ">
    <subfield code="a">(OCoLC)oca08203730</subfield>
  </datafield>
  <datafield tag="040" ind1=" " ind2=" ">
    <subfield code="a">SG-SiILA</subfield>
    <subfield code="b">eng</subfield>
    <subfield code="c">SG-SiILA</subfield>
    <subfield code="e">rda</subfield>
    <subfield code="d">DLC</subfield>
  </datafield>
  <datafield tag="046" ind1=" " ind2=" ">
    <subfield code="f">1975</subfield>
    <subfield code="2">edtf</subfield>
  </datafield>
  <datafield tag="100" ind1="1" ind2=" ">
    <subfield code="a">Lundberg, Jason Erik,</subfield>
    <subfield code="d">1975-</subfield>
  </datafield>
  <datafield tag="370" ind1=" " ind2=" ">
    <subfield code="a">Brooklyn (New York, N.Y.)</subfield>
    <subfield code="f">Raleigh (N.C.)</subfield>
    <subfield code="2">naf</subfield>
  </datafield>
  <datafield tag="370" ind1=" " ind2=" ">
    <subfield code="e">Singapore</subfield>
    <subfield code="2">naf</subfield>
    <subfield code="s">2007</subfield>
  </datafield>
  <datafield tag="373" ind1=" " ind2=" ">
    <subfield code="a">Two Cranes Press</subfield>
  </datafield>
  <datafield tag="375" ind1=" " ind2=" ">
    <subfield code="a">male</subfield>
  </datafield>
  <datafield tag="377" ind1=" " ind2=" ">
    <subfield code="a">eng</subfield>
  </datafield>
  <datafield tag="670" ind1=" " ind2=" ">
    <subfield code="a">A field guide to surreal botany, c2008:</subfield>
    <subfield code="b">t.p. (Jason Erik Lundberg)</subfield>
  </datafield>
  <datafield tag="670" ind1=" " ind2=" ">
    <subfield code="a">The official Two Cranes Press website, viewed Apr. 14, 2009</subfield>
    <subfield code="b">independent publisher that was formed in mid-2003 by Janet Jia Ee Chui and Jason Erik Lundberg</subfield>
    <subfield code="u">http://www.twocranespress.com/about.php</subfield>
  </datafield>
  <datafield tag="670" ind1=" " ind2=" ">
    <subfield code="a">Email correspondence with editor, Apr. 14, 2009</subfield>
    <subfield code="b">(b. 1975)</subfield>
  </datafield>
  <datafield tag="670" ind1=" " ind2=" ">
    <subfield code="a">Diary of one who disappeared, 2019:</subfield>
    <subfield code="b">t.p. (Jason Erik Lundberg) p. 180 (b. in Brooklyn, New York; grew up in Raleigh, North Carolina; lived in Singapore since 2007)</subfield>
  </datafield>
</record>