
<record>
  <leader>02477cz  a2200433n  4500</leader>
  <controlfield tag="001">8041533</controlfield>
  <controlfield tag="003">DLC</controlfield>
  <controlfield tag="005">20200101073127.0</controlfield>
  <controlfield tag="008">091001n| azannaabn          |a aaa     c</controlfield>
  <datafield tag="010" ind1=" " ind2=" ">
    <subfield code="a">no2009157114</subfield>
    <subfield code="z">no2017032323</subfield>
  </datafield>
  <datafield tag="035" ind1=" " ind2=" ">
    <subfield code="a">(OCoLC)oca08258925</subfield>
  </datafield>
  <datafield tag="040" ind1=" " ind2=" ">
    <subfield code="a">UPB</subfield>
    <subfield code="b">eng</subfield>
    <subfield code="e">rda</subfield>
    <subfield code="c">UPB</subfield>
    <subfield code="d">UPB</subfield>
    <subfield code="d">DLC</subfield>
    <subfield code="d">OCoLC</subfield>
  </datafield>
  <datafield tag="046" ind1=" " ind2=" ">
    <subfield code="f">1978-05-12</subfield>
    <subfield code="2">edtf</subfield>
  </datafield>
  <datafield tag="100" ind1="1" ind2=" ">
    <subfield code="a">Smith, Hank,</subfield>
    <subfield code="d">1978-</subfield>
  </datafield>
  <datafield tag="368" ind1=" " ind2=" ">
    <subfield code="a">Americans</subfield>
    <subfield code="2">lcdgt</subfield>
  </datafield>
  <datafield tag="370" ind1=" " ind2=" ">
    <subfield code="a">Saint George (Utah)</subfield>
    <subfield code="2">naf</subfield>
  </datafield>
  <datafield tag="373" ind1=" " ind2=" ">
    <subfield code="a">Church Educational System (Church of Jesus Christ of Latter-day Saints)</subfield>
    <subfield code="2">naf</subfield>
  </datafield>
  <datafield tag="373" ind1=" " ind2=" ">
    <subfield code="a">Church of Jesus Christ of Latter-day Saints</subfield>
    <subfield code="2">naf</subfield>
  </datafield>
  <datafield tag="373" ind1=" " ind2=" ">
    <subfield code="a">Brigham Young University</subfield>
    <subfield code="2">naf</subfield>
  </datafield>
  <datafield tag="373" ind1=" " ind2=" ">
    <subfield code="a">Covenant Communications</subfield>
    <subfield code="2">naf</subfield>
  </datafield>
  <datafield tag="374" ind1=" " ind2=" ">
    <subfield code="a">Author</subfield>
    <subfield code="2">itoamc</subfield>
  </datafield>
  <datafield tag="375" ind1=" " ind2=" ">
    <subfield code="a">Males</subfield>
    <subfield code="2">lcdgt</subfield>
  </datafield>
  <datafield tag="377" ind1=" " ind2=" ">
    <subfield code="a">eng</subfield>
  </datafield>
  <datafield tag="378" ind1=" " ind2=" ">
    <subfield code="q">Henry Ryan</subfield>
  </datafield>
  <datafield tag="400" ind1="1" ind2=" ">
    <subfield code="a">Smith, Hank R.,</subfield>
    <subfield code="d">1978-</subfield>
  </datafield>
  <datafield tag="400" ind1="1" ind2=" ">
    <subfield code="a">Smith, Henry Ryan,</subfield>
    <subfield code="d">1978-</subfield>
  </datafield>
  <datafield tag="400" ind1="1" ind2=" ">
    <subfield code="w">nne</subfield>
    <subfield code="a">Smith, Hank Ryan,</subfield>
    <subfield code="d">1978-</subfield>
  </datafield>
  <datafield tag="400" ind1="1" ind2=" ">
    <subfield code="w">nne</subfield>
    <subfield code="a">Smith, Hank,</subfield>
    <subfield code="d">1980-</subfield>
  </datafield>
  <datafield tag="510" ind1="2" ind2=" ">
    <subfield code="w">r</subfield>
    <subfield code="i">Employer:</subfield>
    <subfield code="a">Brigham Young University</subfield>
  </datafield>
  <datafield tag="510" ind1="2" ind2=" ">
    <subfield code="w">r</subfield>
    <subfield code="i">Employer:</subfield>
    <subfield code="a">Church Educational System (Church of Jesus Christ of Latter-day Saints)</subfield>
  </datafield>
  <datafield tag="670" ind1=" " ind2=" ">
    <subfield code="a">Thou shalt be nice, c2009:</subfield>
    <subfield code="b">label (Hank Smith)</subfield>
  </datafield>
  <datafield tag="670" ind1=" " ind2=" ">
    <subfield code="a">Phone call to Covenant Communications, 15 Sept. 2009</subfield>
    <subfield code="b">(name Henry R. Smith)</subfield>
  </datafield>
  <datafield tag="670" ind1=" " ind2=" ">
    <subfield code="a">Phone call to Copperton LDS Seminary, 15 Sept. 2009</subfield>
    <subfield code="b">(birth year, 1980.  Preferred name, Hank Smith)</subfield>
  </datafield>
  <datafield tag="670" ind1=" " ind2=" ">
    <subfield code="a">Deseret Book website, via WWW, Nov. 1, 2012</subfield>
    <subfield code="b">(Hank Smith; teaches in the Religious Education Department at BYU; speaker for Especially for Youth, Best of Especially for Youth, and BYU Education Week; spouse: Sara; b. in St. George, Utah)</subfield>
  </datafield>
  <datafield tag="670" ind1=" " ind2=" ">
    <subfield code="a">Give ear to my words, 2019</subfield>
    <subfield code="b">ECIP title page (edited by ... Hank R. Smith) ECIP data view (born 5/12/1978; Hank R. Smith is an assistant professor of ancient scripture at BYU. He received a bachelor&apos;s degree in business administration from Dixie State University, his MBA from Utah State University, and his PhD in educational leadership from BYU)</subfield>
  </datafield>
  <datafield tag="670" ind1=" " ind2=" ">
    <subfield code="a">BYU Alumni directory, via WWW, March 13, 2017</subfield>
    <subfield code="b">(Hank Smith; 2014 Ph. D, Educational Leadership)</subfield>
  </datafield>
  <datafield tag="670" ind1=" " ind2=" ">
    <subfield code="a">Development of trust and collaboration between teachers in PLC teams, 2014:</subfield>
    <subfield code="b">title page (Henry &quot;Hank&quot; Ryan Smith; Doctor of Philosophy, Brigham Young University, Department of Educational Leadership and Foundations)</subfield>
  </datafield>
  <datafield tag="670" ind1=" " ind2=" ">
    <subfield code="a">UPB files, March 13, 2017</subfield>
    <subfield code="b">(Hank Ryan Smith; born 1978)</subfield>
  </datafield>
  <datafield tag="678" ind1="0" ind2=" ">
    <subfield code="a">Hank Smith (born 1978) is a religious instructor in Utah.</subfield>
  </datafield>
</record>