
<record>
  <leader>01488cz  a2200241n  4500</leader>
  <controlfield tag="001">8176390</controlfield>
  <controlfield tag="003">DLC</controlfield>
  <controlfield tag="005">20200101073130.0</controlfield>
  <controlfield tag="008">100212n| azannaabn          |n aaa      </controlfield>
  <datafield tag="010" ind1=" " ind2=" ">
    <subfield code="a">nb2010003995</subfield>
  </datafield>
  <datafield tag="035" ind1=" " ind2=" ">
    <subfield code="a">(OCoLC)oca08394491</subfield>
  </datafield>
  <datafield tag="040" ind1=" " ind2=" ">
    <subfield code="a">Uk</subfield>
    <subfield code="b">eng</subfield>
    <subfield code="e">rda</subfield>
    <subfield code="c">Uk</subfield>
    <subfield code="d">GVaS</subfield>
    <subfield code="d">DNGA</subfield>
  </datafield>
  <datafield tag="100" ind1="1" ind2=" ">
    <subfield code="a">Molesworth, Helen</subfield>
  </datafield>
  <datafield tag="372" ind1=" " ind2=" ">
    <subfield code="a">Archaeology</subfield>
    <subfield code="a">Gemology</subfield>
    <subfield code="2">lcsh</subfield>
  </datafield>
  <datafield tag="373" ind1=" " ind2=" ">
    <subfield code="a">Gübelin Academy</subfield>
    <subfield code="s">2013</subfield>
  </datafield>
  <datafield tag="374" ind1=" " ind2=" ">
    <subfield code="a">Archaeologists</subfield>
    <subfield code="a">Gemologists</subfield>
    <subfield code="2">lcsh</subfield>
  </datafield>
  <datafield tag="375" ind1=" " ind2=" ">
    <subfield code="a">Females</subfield>
    <subfield code="2">lcdgt</subfield>
  </datafield>
  <datafield tag="377" ind1=" " ind2=" ">
    <subfield code="a">eng</subfield>
  </datafield>
  <datafield tag="670" ind1=" " ind2=" ">
    <subfield code="a">Pompeii, latrines and down pipes, 2009:</subfield>
    <subfield code="b">t.p. (Helen Molesworth)</subfield>
  </datafield>
  <datafield tag="670" ind1=" " ind2=" ">
    <subfield code="a">The complete Content cameos, 2018:</subfield>
    <subfield code="b">t.p. (Helen Molesworth)</subfield>
  </datafield>
  <datafield tag="670" ind1=" " ind2=" ">
    <subfield code="a">The journal of gemmology, 2019, viewed online, Dec. 30, 2019:</subfield>
    <subfield code="b">p. 670 (Helen Molesworth, an archaeologist and gemmologist)</subfield>
  </datafield>
  <datafield tag="670" ind1=" " ind2=" ">
    <subfield code="a">Gem-A.com, Dec. 30, 2019</subfield>
    <subfield code="b">(Helen Molesworth, FGA, managing director of the Gübelin Academy and a professor of the history of jewelry)</subfield>
    <subfield code="u">https://gem-a.com/jp-blog/birthstones-guide/tag/Gemmology?start=80</subfield>
  </datafield>
  <datafield tag="670" ind1=" " ind2=" ">
    <subfield code="a">Gübelin WWW home page, Dec. 30, 2019:</subfield>
    <subfield code="b">about the Academy (managing director, Helen Molesworth; degree in Classics from Christ Church, Oxford; fellow of the Gemmological Associations of Great Britain and Hong Kong; fellow of the Society of Antiquaries, London; jewelry specialist for Sotheby&apos;s and Christie&apos;s in London and Geneva for 10 yrs.; joined Gübelin in 2013 to launch and manage Gübelin Academy)</subfield>
    <subfield code="u">https://www.gubelin.com/cms/en/gubelin-academy/about-the-gubelin-academy/</subfield>
  </datafield>
</record>