
<record>
  <leader>02095cz  a2200265n  4500</leader>
  <controlfield tag="001">8393159</controlfield>
  <controlfield tag="003">DLC</controlfield>
  <controlfield tag="005">20200101073215.0</controlfield>
  <controlfield tag="008">100827n| azannaabn          |a ana      </controlfield>
  <datafield tag="010" ind1=" " ind2=" ">
    <subfield code="a">nb2010022659</subfield>
  </datafield>
  <datafield tag="035" ind1=" " ind2=" ">
    <subfield code="a">(OCoLC)oca08608051</subfield>
  </datafield>
  <datafield tag="040" ind1=" " ind2=" ">
    <subfield code="a">Uk</subfield>
    <subfield code="b">eng</subfield>
    <subfield code="e">rda</subfield>
    <subfield code="c">Uk</subfield>
    <subfield code="d">Uk</subfield>
    <subfield code="d">OU</subfield>
  </datafield>
  <datafield tag="110" ind1="2" ind2=" ">
    <subfield code="a">Cheshire Archives and Local Studies</subfield>
  </datafield>
  <datafield tag="368" ind1=" " ind2=" ">
    <subfield code="a">Municipal government</subfield>
    <subfield code="2">lcsh</subfield>
  </datafield>
  <datafield tag="371" ind1=" " ind2=" ">
    <subfield code="a">Duke Street</subfield>
    <subfield code="b">Chester</subfield>
    <subfield code="c">England</subfield>
    <subfield code="d">Great Britain</subfield>
    <subfield code="u">http://www.cheshirearchives.org.uk/about-us/about-us.aspx</subfield>
    <subfield code="v">Cheshire Archives and Local Studies WWW site, viewed Dec. 31, 2019</subfield>
  </datafield>
  <datafield tag="410" ind1="1" ind2=" ">
    <subfield code="a">Cheshire East (England).</subfield>
    <subfield code="b">Archives and Local Studies</subfield>
  </datafield>
  <datafield tag="410" ind1="1" ind2=" ">
    <subfield code="a">Cheshire West (England).</subfield>
    <subfield code="b">Archives and Local Studies</subfield>
  </datafield>
  <datafield tag="410" ind1="2" ind2=" ">
    <subfield code="a">Cheshire and Chester Archives and Local Studies Service</subfield>
  </datafield>
  <datafield tag="410" ind1="2" ind2=" ">
    <subfield code="a">CALS</subfield>
  </datafield>
  <datafield tag="410" ind1="2" ind2=" ">
    <subfield code="a">Cheshire Archives &amp; Local Studies</subfield>
  </datafield>
  <datafield tag="670" ind1=" " ind2=" ">
    <subfield code="a">Cheshire Archives &amp; Local Studies newsletter, summer 2009:</subfield>
    <subfield code="b">t.p. (from Apr., following local government reorganisation, Cheshire Archives and Local Studies (CALS) as the service is now called, is a shared service of both Cheshire West and Chester (CWAC), and Cheshire East; it is hosted by CWAC but reports to a joint officer board)</subfield>
  </datafield>
  <datafield tag="670" ind1=" " ind2=" ">
    <subfield code="a">Cheshire West and Chester Council website, 27 Aug. 2010</subfield>
    <subfield code="b">(Cheshire and Chester Archives and Local Studies Service, Cheshire Record Office, Chester)</subfield>
  </datafield>
  <datafield tag="670" ind1=" " ind2=" ">
    <subfield code="a">Cheshire East Council website, 27 Aug. 2010</subfield>
    <subfield code="b">(Cheshire Archives and Local Studies, Cheshire Record Office)</subfield>
  </datafield>
  <datafield tag="670" ind1=" " ind2=" ">
    <subfield code="a">The Cheshire motor vehicle registrations, 1904-07, 2019:</subfield>
    <subfield code="b">page before title page (Cheshire Archives and Local Studies)</subfield>
  </datafield>
  <datafield tag="670" ind1=" " ind2=" ">
    <subfield code="a">The Cheshire Archives &amp; Local Studies WWW site, Dec. 31, 2019:</subfield>
    <subfield code="b">(The Cheshire Archives &amp; Local Studies service identifies, collects and cares for archives and publications that are the evidence of Cheshire communities&apos; lives past and present, a shared service of Cheshire West and Chester and Cheshire East Councils; address: Cheshire Archives and Local Studies, Cheshire Record Office, Duke Street, Chester Cheshire, Ch1 1RL, England; http://www.cheshirearchives.org.uk/about-us/about-us.aspx)</subfield>
  </datafield>
</record>