
<record>
  <leader>00722cz  a2200205n  4500</leader>
  <controlfield tag="001">8646542</controlfield>
  <controlfield tag="003">DLC</controlfield>
  <controlfield tag="005">20200101073214.0</controlfield>
  <controlfield tag="008">110516n| azannaabn          |n aaa     c</controlfield>
  <datafield tag="010" ind1=" " ind2=" ">
    <subfield code="a">no2011076619</subfield>
  </datafield>
  <datafield tag="016" ind1=" " ind2=" ">
    <subfield code="a">1015J8245E</subfield>
  </datafield>
  <datafield tag="035" ind1=" " ind2=" ">
    <subfield code="a">(OCoLC)oca08857867</subfield>
  </datafield>
  <datafield tag="040" ind1=" " ind2=" ">
    <subfield code="a">DGU-L</subfield>
    <subfield code="b">eng</subfield>
    <subfield code="e">rda</subfield>
    <subfield code="c">DGU-L</subfield>
    <subfield code="d">CaOONL</subfield>
  </datafield>
  <datafield tag="042" ind1=" " ind2=" ">
    <subfield code="a">nlc</subfield>
  </datafield>
  <datafield tag="046" ind1=" " ind2=" ">
    <subfield code="f">1963</subfield>
    <subfield code="2">edtf</subfield>
  </datafield>
  <datafield tag="100" ind1="1" ind2=" ">
    <subfield code="a">Folick, Lorne</subfield>
  </datafield>
  <datafield tag="368" ind1=" " ind2=" ">
    <subfield code="c">Canadians</subfield>
    <subfield code="2">lcdgt</subfield>
  </datafield>
  <datafield tag="670" ind1=" " ind2=" ">
    <subfield code="a">Liquor and host liability law in Canada, c2010:</subfield>
    <subfield code="b">t.p. (Lorne Folick) p. vii (Lorne Folick, B.A. (Hons.), LL.B.)</subfield>
  </datafield>
  <datafield tag="670" ind1=" " ind2=" ">
    <subfield code="a">Amicus database viewed May 16, 2011</subfield>
    <subfield code="b">(hdg.: Folick, Lorne; usage: Lorne Folick)</subfield>
  </datafield>
  <datafield tag="670" ind1=" " ind2=" ">
    <subfield code="a">LAC internal file, December 31, 2019</subfield>
    <subfield code="b">(Lorne Patrick Stanley Folick; born 1963; Canadian)</subfield>
  </datafield>
</record>