
<record>
  <leader>00823cz  a2200253n  4500</leader>
  <controlfield tag="001">8682418</controlfield>
  <controlfield tag="003">DLC</controlfield>
  <controlfield tag="005">20200101225328.0</controlfield>
  <controlfield tag="008">110620n| azannaabn          |a aaa     c</controlfield>
  <datafield tag="010" ind1=" " ind2=" ">
    <subfield code="a">no2011095765</subfield>
  </datafield>
  <datafield tag="035" ind1=" " ind2=" ">
    <subfield code="a">(OCoLC)oca08892562</subfield>
  </datafield>
  <datafield tag="040" ind1=" " ind2=" ">
    <subfield code="a">SG-SiILA</subfield>
    <subfield code="b">eng</subfield>
    <subfield code="c">SG-SiILA</subfield>
    <subfield code="e">rda</subfield>
    <subfield code="d">DLC</subfield>
  </datafield>
  <datafield tag="046" ind1=" " ind2=" ">
    <subfield code="f">1963-05-18</subfield>
    <subfield code="2">edtf</subfield>
  </datafield>
  <datafield tag="100" ind1="0" ind2=" ">
    <subfield code="a">Ishak Latiff,</subfield>
    <subfield code="d">1963-</subfield>
  </datafield>
  <datafield tag="370" ind1=" " ind2=" ">
    <subfield code="a">Singapore</subfield>
    <subfield code="2">naf</subfield>
  </datafield>
  <datafield tag="372" ind1=" " ind2=" ">
    <subfield code="a">Fiction</subfield>
    <subfield code="2">lcsh</subfield>
  </datafield>
  <datafield tag="374" ind1=" " ind2=" ">
    <subfield code="a">Authors</subfield>
    <subfield code="2">lcsh</subfield>
    <subfield code="s">1983</subfield>
  </datafield>
  <datafield tag="374" ind1=" " ind2=" ">
    <subfield code="a">Teachers</subfield>
    <subfield code="2">lcsh</subfield>
  </datafield>
  <datafield tag="375" ind1=" " ind2=" ">
    <subfield code="a">male</subfield>
  </datafield>
  <datafield tag="377" ind1=" " ind2=" ">
    <subfield code="a">may</subfield>
    <subfield code="a">eng</subfield>
  </datafield>
  <datafield tag="400" ind1="1" ind2=" ">
    <subfield code="a">Latiff, Ishak,</subfield>
    <subfield code="d">1963-</subfield>
  </datafield>
  <datafield tag="400" ind1="0" ind2=" ">
    <subfield code="a">Ishak Bin Abdul Latiff,</subfield>
    <subfield code="d">1963-</subfield>
  </datafield>
  <datafield tag="670" ind1=" " ind2=" ">
    <subfield code="a">Saga : antologi cerpen Ishak Latiff, 2006:</subfield>
    <subfield code="b">p. 136 (Ishak Bin Abdul Latiff; b. May 18, 1963, Singapura)</subfield>
  </datafield>
  <datafield tag="670" ind1=" " ind2=" ">
    <subfield code="a">HP, 2018:</subfield>
    <subfield code="b">t.p. (Ishak Latiff) cover p. 4 (Malay teacher in Singapore; a fiction writer since 1983)</subfield>
  </datafield>
</record>