
<record>
  <leader>00563cz  a2200169n  4500</leader>
  <controlfield tag="001">8717511</controlfield>
  <controlfield tag="003">DLC</controlfield>
  <controlfield tag="005">20200101073137.0</controlfield>
  <controlfield tag="008">110728n| azannaabn          |n aaa     c</controlfield>
  <datafield tag="010" ind1=" " ind2=" ">
    <subfield code="a">no2011115565</subfield>
  </datafield>
  <datafield tag="016" ind1=" " ind2=" ">
    <subfield code="a">1023H5038E</subfield>
  </datafield>
  <datafield tag="035" ind1=" " ind2=" ">
    <subfield code="a">(OCoLC)oca08927061</subfield>
  </datafield>
  <datafield tag="040" ind1=" " ind2=" ">
    <subfield code="a">SaPrUSA</subfield>
    <subfield code="b">eng</subfield>
    <subfield code="e">rda</subfield>
    <subfield code="c">SaPrUSA</subfield>
    <subfield code="d">CaOONL</subfield>
  </datafield>
  <datafield tag="042" ind1=" " ind2=" ">
    <subfield code="a">nlc</subfield>
  </datafield>
  <datafield tag="100" ind1="1" ind2=" ">
    <subfield code="a">Chow, Grace</subfield>
  </datafield>
  <datafield tag="377" ind1=" " ind2=" ">
    <subfield code="a">eng</subfield>
  </datafield>
  <datafield tag="670" ind1=" " ind2=" ">
    <subfield code="a">Taxation of trusts and estates, 2009:</subfield>
    <subfield code="b">t.p. (Grace Chow) back cover (CA, FCCA, FTIHK, TEP, founding partner at Cadesky and Associates LLP, chair of Member Services Committee of STEP Worldwide)</subfield>
  </datafield>
</record>