
<record>
  <leader>01209cz  a2200253n  4500</leader>
  <controlfield tag="001">8790868</controlfield>
  <controlfield tag="003">DLC</controlfield>
  <controlfield tag="005">20200101073137.0</controlfield>
  <controlfield tag="008">111010n| azannaabn          |a aaa      </controlfield>
  <datafield tag="010" ind1=" " ind2=" ">
    <subfield code="a">n 2011184268</subfield>
  </datafield>
  <datafield tag="035" ind1=" " ind2=" ">
    <subfield code="a">(OCoLC)oca09001663</subfield>
  </datafield>
  <datafield tag="040" ind1=" " ind2=" ">
    <subfield code="a">DNLM</subfield>
    <subfield code="b">eng</subfield>
    <subfield code="c">DNLM</subfield>
    <subfield code="d">DNLM</subfield>
    <subfield code="e">rda</subfield>
  </datafield>
  <datafield tag="046" ind1=" " ind2=" ">
    <subfield code="f">1802</subfield>
    <subfield code="g">1876</subfield>
    <subfield code="2">edtf</subfield>
  </datafield>
  <datafield tag="100" ind1="1" ind2=" ">
    <subfield code="a">Liedbeck, P. J.</subfield>
    <subfield code="q">(Per Jakob),</subfield>
    <subfield code="d">1802-1876</subfield>
  </datafield>
  <datafield tag="378" ind1=" " ind2=" ">
    <subfield code="q">Per Jakob</subfield>
  </datafield>
  <datafield tag="400" ind1="1" ind2=" ">
    <subfield code="a">Liedbeck, Per Jakob,</subfield>
    <subfield code="d">1802-1876</subfield>
  </datafield>
  <datafield tag="400" ind1="1" ind2=" ">
    <subfield code="a">Liedbeck, Per Jacob,</subfield>
    <subfield code="d">1802-1876</subfield>
  </datafield>
  <datafield tag="400" ind1="1" ind2=" ">
    <subfield code="a">Liedbeck, Petrus Jacobus,</subfield>
    <subfield code="d">1802-1876</subfield>
  </datafield>
  <datafield tag="400" ind1="1" ind2=" ">
    <subfield code="a">Liedbeck, Peer Jakob,</subfield>
    <subfield code="d">1802-1876</subfield>
  </datafield>
  <datafield tag="400" ind1="1" ind2=" ">
    <subfield code="a">Liedbeck, Pehr Jakob,</subfield>
    <subfield code="d">1802-1876</subfield>
  </datafield>
  <datafield tag="670" ind1=" " ind2=" ">
    <subfield code="a">Homöopathiens närvarande ställning i främmande länder, 1854:</subfield>
    <subfield code="b">t.p. (Dr. P.J. Liedbeck)</subfield>
  </datafield>
  <datafield tag="670" ind1=" " ind2=" ">
    <subfield code="a">OCLC Nov. 2, 2000</subfield>
    <subfield code="b">(hdg.: Liedbeck, Per Jakob, 1802-1876; Liedbeck, Petrus Jacobus,1802-1876; Liedbeck, Pehr Jakob, 1802-1876; Liedbeck, Pehr Jacob, 1802-1876; Liedbeck, Peer Jakob, 1802-1876; usage: P.J. Liedbeck; Petrus Jacobus Liedbeck)</subfield>
  </datafield>
  <datafield tag="670" ind1=" " ind2=" ">
    <subfield code="a">LC databases, Nov. 2, 2000</subfield>
    <subfield code="b">(hdg.: Liedbeck, Peer Jakob, 1802-1876; Liedbeck, Per Jakob, 1802-1876)</subfield>
  </datafield>
  <datafield tag="670" ind1=" " ind2=" ">
    <subfield code="a">NLM files, Nov. 2, 2000</subfield>
    <subfield code="b">(hdg.: Liedbeck, P. J. (Per Jakob), 1802-1876; usage: P.J. Liedbeck)</subfield>
  </datafield>
</record>