
<record>
  <leader>00945cz  a2200193n  4500</leader>
  <controlfield tag="001">8861161</controlfield>
  <controlfield tag="003">DLC</controlfield>
  <controlfield tag="005">20200101073139.0</controlfield>
  <controlfield tag="008">111221n| azannaabn          |a aaa      </controlfield>
  <datafield tag="010" ind1=" " ind2=" ">
    <subfield code="a">nb2011033437</subfield>
  </datafield>
  <datafield tag="035" ind1=" " ind2=" ">
    <subfield code="a">(OCoLC)oca09072338</subfield>
  </datafield>
  <datafield tag="040" ind1=" " ind2=" ">
    <subfield code="a">Uk</subfield>
    <subfield code="b">eng</subfield>
    <subfield code="c">Uk</subfield>
    <subfield code="e">rda</subfield>
    <subfield code="d">MdRoLAC</subfield>
  </datafield>
  <datafield tag="100" ind1="1" ind2=" ">
    <subfield code="a">Herrold, Catherine</subfield>
  </datafield>
  <datafield tag="373" ind1=" " ind2=" ">
    <subfield code="a">Indiana University</subfield>
    <subfield code="2">naf</subfield>
  </datafield>
  <datafield tag="374" ind1=" " ind2=" ">
    <subfield code="a">College teachers</subfield>
    <subfield code="2">lcsh</subfield>
  </datafield>
  <datafield tag="400" ind1="1" ind2=" ">
    <subfield code="a">Herrold, Catherine E.</subfield>
  </datafield>
  <datafield tag="670" ind1=" " ind2=" ">
    <subfield code="a">High-engagement philanthropy, 2006:</subfield>
    <subfield code="b">PDF cover page (Catherine Herrold)</subfield>
  </datafield>
  <datafield tag="670" ind1=" " ind2=" ">
    <subfield code="a">Delta democracy, 2020:</subfield>
    <subfield code="b">eCIP title page (Catherine E. Herrold)</subfield>
  </datafield>
  <datafield tag="670" ind1=" " ind2=" ">
    <subfield code="a">Publisher profile webpage, viewed 31 December 2019:</subfield>
    <subfield code="b">(Catherine E. Herrold is an Assistant Professor at the Indiana University Lilly Family School of Philanthropy and a Faculty Affiliate of the Indiana University Paul H. O&apos;Neill School of Public and Environmental Affairs)</subfield>
    <subfield code="u">https://global.oup.com/academic/product/delta-democracy-9780190093235?cc=us&amp;lang=en&amp;#</subfield>
  </datafield>
</record>