
<record>
  <leader>01106cz  a2200241n  4500</leader>
  <controlfield tag="001">8868961</controlfield>
  <controlfield tag="003">DLC</controlfield>
  <controlfield tag="005">20200101073139.0</controlfield>
  <controlfield tag="008">120105n| azannaabn          |n aaa     c</controlfield>
  <datafield tag="010" ind1=" " ind2=" ">
    <subfield code="a">no2012001294</subfield>
  </datafield>
  <datafield tag="035" ind1=" " ind2=" ">
    <subfield code="a">(OCoLC)oca09077084</subfield>
  </datafield>
  <datafield tag="040" ind1=" " ind2=" ">
    <subfield code="a">DI-GS</subfield>
    <subfield code="b">eng</subfield>
    <subfield code="e">rda</subfield>
    <subfield code="c">DI-GS</subfield>
    <subfield code="d">WaBeW</subfield>
  </datafield>
  <datafield tag="100" ind1="1" ind2=" ">
    <subfield code="a">Holl, Sally</subfield>
  </datafield>
  <datafield tag="370" ind1=" " ind2=" ">
    <subfield code="f">Austin (Tex.)</subfield>
    <subfield code="2">naf</subfield>
  </datafield>
  <datafield tag="372" ind1=" " ind2=" ">
    <subfield code="a">Geographic information systems</subfield>
    <subfield code="2">lcsh</subfield>
  </datafield>
  <datafield tag="373" ind1=" " ind2=" ">
    <subfield code="a">USGS Texas Water Science Center</subfield>
    <subfield code="2">naf</subfield>
    <subfield code="s">2010</subfield>
    <subfield code="t">2015</subfield>
  </datafield>
  <datafield tag="373" ind1=" " ind2=" ">
    <subfield code="a">Austin Community College (Austin, Tex.)</subfield>
    <subfield code="2">naf</subfield>
  </datafield>
  <datafield tag="374" ind1=" " ind2=" ">
    <subfield code="a">Geographers</subfield>
    <subfield code="2">lcsh</subfield>
  </datafield>
  <datafield tag="374" ind1=" " ind2=" ">
    <subfield code="a">College teachers</subfield>
    <subfield code="2">lcsh</subfield>
  </datafield>
  <datafield tag="378" ind1=" " ind2=" ">
    <subfield code="q">Sally Lynn</subfield>
  </datafield>
  <datafield tag="670" ind1=" " ind2=" ">
    <subfield code="a">U.S. Geological Survey community for data integration, 2011:</subfield>
    <subfield code="b">caption (Sally Holl)</subfield>
  </datafield>
  <datafield tag="670" ind1=" " ind2=" ">
    <subfield code="a">Linkedin.com, December 30, 2019:</subfield>
    <subfield code="b">Sally Holl (professionally based in Austin, Texas; GIS professor at Austin Community College; worked as a geographer at the Texas Water Science Center within the United States Geological Survey from 2010 to 2015)</subfield>
    <subfield code="u">https://www.linkedin.com/in/sallyholl/</subfield>
  </datafield>
  <datafield tag="670" ind1=" " ind2=" ">
    <subfield code="a">OCLC, December 30, 2019</subfield>
    <subfield code="b">(usage: Sally Holl, Sally L. Holl; access point: Holl, Sally Lynn)</subfield>
  </datafield>
</record>