
<record>
  <leader>01230cz  a2200241n  4500</leader>
  <controlfield tag="001">9095621</controlfield>
  <controlfield tag="003">DLC</controlfield>
  <controlfield tag="005">20200101073135.0</controlfield>
  <controlfield tag="008">120917n| azannaabn          |n aaa     c</controlfield>
  <datafield tag="010" ind1=" " ind2=" ">
    <subfield code="a">no2012124209</subfield>
  </datafield>
  <datafield tag="035" ind1=" " ind2=" ">
    <subfield code="a">(OCoLC)oca09303687</subfield>
  </datafield>
  <datafield tag="040" ind1=" " ind2=" ">
    <subfield code="a">NcU</subfield>
    <subfield code="b">eng</subfield>
    <subfield code="e">rda</subfield>
    <subfield code="c">NcU</subfield>
    <subfield code="d">DLC</subfield>
    <subfield code="d">IsJJNL</subfield>
  </datafield>
  <datafield tag="046" ind1=" " ind2=" ">
    <subfield code="f">1958-10-15</subfield>
    <subfield code="2">edtf</subfield>
  </datafield>
  <datafield tag="100" ind1="1" ind2=" ">
    <subfield code="a">Kagan, Jeremy</subfield>
  </datafield>
  <datafield tag="370" ind1=" " ind2=" ">
    <subfield code="a">(Boston (Mass.) $$e Hawaii $$e Jerusalem</subfield>
    <subfield code="2">naf</subfield>
  </datafield>
  <datafield tag="372" ind1=" " ind2=" ">
    <subfield code="a">Jewish religious education $$2 lcsh</subfield>
  </datafield>
  <datafield tag="374" ind1=" " ind2=" ">
    <subfield code="a">Rabbis $$2 lcsh</subfield>
  </datafield>
  <datafield tag="375" ind1=" " ind2=" ">
    <subfield code="a">Males</subfield>
    <subfield code="2">lcdgt</subfield>
  </datafield>
  <datafield tag="377" ind1=" " ind2=" ">
    <subfield code="a">eng</subfield>
  </datafield>
  <datafield tag="670" ind1=" " ind2=" ">
    <subfield code="a">The choice to be, 2012:</subfield>
    <subfield code="b">title page  (Jeremy Kagan)</subfield>
  </datafield>
  <datafield tag="670" ind1=" " ind2=" ">
    <subfield code="a">Email from author, Sept. 17, 2012</subfield>
    <subfield code="b">(Jeremy David Kagan; born Oct 15, 1958; if needed would prefer Kagan, Jeremy D.)</subfield>
  </datafield>
  <datafield tag="670" ind1=" " ind2=" ">
    <subfield code="a">The Intellect and the Exodus, 2018: $$b title page (Jeremy Kagan)  book jacket (born in Boston and raised in Hawaii, Rabbi Jeremy Kagan holds a BA in philosophy from Yale University; he is currently the principal of Midreshet Tehillah, a post high-school seminary under the auspices of Neve Yerushalayim in Jerusalem; author of The Jewish self: recovering spirituality in the modern world and The choice to be: a Jewish path to self and spirituality; resides in Jerusalem)</subfield>
  </datafield>
  <datafield tag="953" ind1=" " ind2=" ">
    <subfield code="a">xx00</subfield>
    <subfield code="b">ec06</subfield>
  </datafield>
</record>