
<record>
  <leader>00529cz  a2200169n  4500</leader>
  <controlfield tag="001">9109819</controlfield>
  <controlfield tag="003">DLC</controlfield>
  <controlfield tag="005">20200101073135.0</controlfield>
  <controlfield tag="008">121004n| azannaabn          |a aaa     c</controlfield>
  <datafield tag="010" ind1=" " ind2=" ">
    <subfield code="a">no2012131682</subfield>
  </datafield>
  <datafield tag="035" ind1=" " ind2=" ">
    <subfield code="a">(OCoLC)oca09317760</subfield>
  </datafield>
  <datafield tag="040" ind1=" " ind2=" ">
    <subfield code="a">CSt</subfield>
    <subfield code="b">eng</subfield>
    <subfield code="e">rda</subfield>
    <subfield code="c">CSt</subfield>
    <subfield code="d">OU</subfield>
  </datafield>
  <datafield tag="100" ind1="1" ind2=" ">
    <subfield code="a">Ehrmann, Elieser L.,</subfield>
    <subfield code="d">1903-1988.</subfield>
    <subfield code="t">Works.</subfield>
    <subfield code="k">Selections</subfield>
  </datafield>
  <datafield tag="381" ind1=" " ind2=" ">
    <subfield code="a">Selections</subfield>
  </datafield>
  <datafield tag="400" ind1="1" ind2=" ">
    <subfield code="a">Ehrmann, Elieser L.,</subfield>
    <subfield code="d">1903-1988.</subfield>
    <subfield code="t">Von Trauer zur Freude</subfield>
  </datafield>
  <datafield tag="400" ind1="1" ind2=" ">
    <subfield code="w">nnea</subfield>
    <subfield code="a">Ehrmann, Eliezer L.,</subfield>
    <subfield code="d">1903-</subfield>
    <subfield code="t">Works.</subfield>
    <subfield code="k">Selections</subfield>
  </datafield>
  <datafield tag="670" ind1=" " ind2=" ">
    <subfield code="a">Von Trauer zur Freude, 2012</subfield>
  </datafield>
</record>