
<record>
  <leader>00928cz  a2200205n  4500</leader>
  <controlfield tag="001">9377792</controlfield>
  <controlfield tag="003">DLC</controlfield>
  <controlfield tag="005">20200101212528.0</controlfield>
  <controlfield tag="008">131008n| azannaabn          |n aaa      </controlfield>
  <datafield tag="010" ind1=" " ind2=" ">
    <subfield code="a">n 2012208229</subfield>
  </datafield>
  <datafield tag="040" ind1=" " ind2=" ">
    <subfield code="a">DLC</subfield>
    <subfield code="b">eng</subfield>
    <subfield code="c">DLC</subfield>
    <subfield code="d">DLC</subfield>
    <subfield code="e">rda</subfield>
  </datafield>
  <datafield tag="100" ind1="1" ind2=" ">
    <subfield code="a">Sinaga, V. Harlen</subfield>
  </datafield>
  <datafield tag="370" ind1=" " ind2=" ">
    <subfield code="a">Tapanuli Utara (Indonesia)</subfield>
    <subfield code="2">naf</subfield>
  </datafield>
  <datafield tag="372" ind1=" " ind2=" ">
    <subfield code="a">Law</subfield>
    <subfield code="2">lcsh</subfield>
  </datafield>
  <datafield tag="373" ind1=" " ind2=" ">
    <subfield code="a">Universitas Gadjah Mada. Fakultas Hukum</subfield>
    <subfield code="t">1989</subfield>
    <subfield code="2">naf</subfield>
  </datafield>
  <datafield tag="373" ind1=" " ind2=" ">
    <subfield code="a">Universitas Tarumanagara. Fakultas Hukum</subfield>
    <subfield code="s">2011</subfield>
  </datafield>
  <datafield tag="374" ind1=" " ind2=" ">
    <subfield code="a">Lawyer</subfield>
    <subfield code="a">Lecturer</subfield>
  </datafield>
  <datafield tag="375" ind1=" " ind2=" ">
    <subfield code="a">male</subfield>
  </datafield>
  <datafield tag="377" ind1=" " ind2=" ">
    <subfield code="a">ind</subfield>
  </datafield>
  <datafield tag="670" ind1=" " ind2=" ">
    <subfield code="a">Batas-batas tanggung jawab perdata direksi atas pailitnya perseroan terbatas, dalam teori dan praktik, 2012:</subfield>
    <subfield code="b">t.p. (V. Harlen Sinaga, S.H., M.H.) p. 239 (an advocate; b. in Samosir, Tapanuli Utara; grad. of Fakultas Hukum, Universitas Gadjah Mada, 1989; master in law, Fakultas Hukum, Universitas Tarumanagara, 2009; also a lecturer, Fakultas Hukum, Universitas Tarumanagara since 2011)</subfield>
  </datafield>
</record>