
<record>
  <leader>01012cz  a2200169n  4500</leader>
  <controlfield tag="001">9706305</controlfield>
  <controlfield tag="003">DLC</controlfield>
  <controlfield tag="005">20200101073116.0</controlfield>
  <controlfield tag="008">141110n| azannaabn          |a aaa     c</controlfield>
  <datafield tag="010" ind1=" " ind2=" ">
    <subfield code="a">no2014148666</subfield>
  </datafield>
  <datafield tag="035" ind1=" " ind2=" ">
    <subfield code="a">(OCoLC)oca10011300</subfield>
  </datafield>
  <datafield tag="040" ind1=" " ind2=" ">
    <subfield code="a">MeLeBNM</subfield>
    <subfield code="b">eng</subfield>
    <subfield code="e">rda</subfield>
    <subfield code="c">MeLeBNM</subfield>
    <subfield code="d">DLC</subfield>
    <subfield code="d">OCoLC</subfield>
  </datafield>
  <datafield tag="100" ind1="1" ind2=" ">
    <subfield code="a">Strozzi, Barbara,</subfield>
    <subfield code="d">1619-1677.</subfield>
    <subfield code="t">Presso un ruscello algente</subfield>
  </datafield>
  <datafield tag="382" ind1="0" ind2=" ">
    <subfield code="b">soprano voice</subfield>
    <subfield code="n">1</subfield>
    <subfield code="a">continuo</subfield>
    <subfield code="2">lcmpt</subfield>
  </datafield>
  <datafield tag="400" ind1="1" ind2=" ">
    <subfield code="a">Strozzi, Barbara,</subfield>
    <subfield code="d">1619-1677.</subfield>
    <subfield code="t">At a mossy stream</subfield>
  </datafield>
  <datafield tag="670" ind1=" " ind2=" ">
    <subfield code="a">Strozzi, Barbara. Presso un ruscello algente, 2014:</subfield>
    <subfield code="b">title page (Presso un ruscello algente : for soprano and continuo; work without opus number in manuscript from Busta 2.35, Conservatorio Statale di Musica Benedetto Marcello, Venice) page i (the source of this work is I-Vc-CORRER-Busta 2.35, a manuscript book held at the Conservatorio Statale di Musica Benedetto Marcello in Venice that contains works by serveral authors) t.p. verso (At a mossy stream)</subfield>
  </datafield>
  <datafield tag="675" ind1=" " ind2=" ">
    <subfield code="a">Grove music online, November 10, 2014</subfield>
    <subfield code="a">RISM online, November 10, 2014</subfield>
  </datafield>
</record>