
<record>
  <leader>01495cz  a2200265n  4500</leader>
  <controlfield tag="001">9736717</controlfield>
  <controlfield tag="003">DLC</controlfield>
  <controlfield tag="005">20200101221247.0</controlfield>
  <controlfield tag="008">141218n| azannaabn          |a aaa      </controlfield>
  <datafield tag="010" ind1=" " ind2=" ">
    <subfield code="a">n 2014213684</subfield>
  </datafield>
  <datafield tag="040" ind1=" " ind2=" ">
    <subfield code="a">DLC</subfield>
    <subfield code="b">eng</subfield>
    <subfield code="e">rda</subfield>
    <subfield code="c">DLC</subfield>
    <subfield code="d">DLC</subfield>
  </datafield>
  <datafield tag="046" ind1=" " ind2=" ">
    <subfield code="f">1954</subfield>
    <subfield code="2">edtf</subfield>
  </datafield>
  <datafield tag="100" ind1="1" ind2=" ">
    <subfield code="a">Rama Rao, D.,</subfield>
    <subfield code="d">1954-</subfield>
  </datafield>
  <datafield tag="370" ind1=" " ind2=" ">
    <subfield code="c">India</subfield>
    <subfield code="e">Hyderabad (India)</subfield>
    <subfield code="2">naf</subfield>
  </datafield>
  <datafield tag="371" ind1=" " ind2=" ">
    <subfield code="m">director@naarm.ernet.in</subfield>
  </datafield>
  <datafield tag="372" ind1=" " ind2=" ">
    <subfield code="a">Physics</subfield>
    <subfield code="2">lcsh</subfield>
  </datafield>
  <datafield tag="373" ind1=" " ind2=" ">
    <subfield code="a">National Academy of Agricultural Research Management (India)</subfield>
    <subfield code="2">naf</subfield>
  </datafield>
  <datafield tag="374" ind1=" " ind2=" ">
    <subfield code="a">Scientists</subfield>
    <subfield code="2">lcsh</subfield>
  </datafield>
  <datafield tag="375" ind1=" " ind2=" ">
    <subfield code="a">Males</subfield>
    <subfield code="2">lcdgt</subfield>
  </datafield>
  <datafield tag="377" ind1=" " ind2=" ">
    <subfield code="a">eng</subfield>
  </datafield>
  <datafield tag="400" ind1="1" ind2=" ">
    <subfield code="a">Rao, D. Rama,</subfield>
    <subfield code="d">1954-</subfield>
  </datafield>
  <datafield tag="400" ind1="1" ind2=" ">
    <subfield code="a">Rama Rao, D.</subfield>
    <subfield code="q">(Darapunewi),</subfield>
    <subfield code="d">1954-</subfield>
  </datafield>
  <datafield tag="670" ind1=" " ind2=" ">
    <subfield code="a">Human capital requirements in agricultural and allied sectors, 2012:</subfield>
    <subfield code="b">t.p. (D. Rama Rao, NAARM)</subfield>
  </datafield>
  <datafield tag="670" ind1=" " ind2=" ">
    <subfield code="a">NAARM, WWW site viewed on December 18, 2014</subfield>
    <subfield code="b">(Dr D. Rama Rao, born in 1954, M.Sc. in Physics, DIIT, Industrial Physics, Ph. D. in Fiber Science &amp; Technology, started his career as Scientist at Central Sheep and Wool Research Institute (CSWRI), Avikanagar in 1978, later joined as Senior Scientist at Central Institute for Research on Cotton Technology (CIRCOT), Mumbai in 1986, joined NAARM, Hyderabad and  worked in the capacities of Principal Scientist and Head of Information and Communication Management Division in 1991; email: director@naarm.ernet.in)</subfield>
    <subfield code="u">http://www.naarm.ernet.in/index.php?option=com_content&amp;view=article&amp;id=610</subfield>
  </datafield>
  <datafield tag="670" ind1=" " ind2=" ">
    <subfield code="a">OCLC, viewed January 02, 2020</subfield>
    <subfield code="b">(hdg.: Rama Rao, D. (Darapunewi), 1954-)</subfield>
  </datafield>
</record>