
<record>
  <leader>00487cz  a2200157n  4500</leader>
  <controlfield tag="001">10043724</controlfield>
  <controlfield tag="003">DLC</controlfield>
  <controlfield tag="005">20200101073116.0</controlfield>
  <controlfield tag="008">151223n| azannaabn          |n aaa      </controlfield>
  <datafield tag="010" ind1=" " ind2=" ">
    <subfield code="a">n 2015073843</subfield>
  </datafield>
  <datafield tag="035" ind1=" " ind2=" ">
    <subfield code="a">(OCoLC)oca10352277</subfield>
  </datafield>
  <datafield tag="040" ind1=" " ind2=" ">
    <subfield code="a">DLC</subfield>
    <subfield code="b">eng</subfield>
    <subfield code="c">DLC</subfield>
    <subfield code="e">rda</subfield>
    <subfield code="d">MdRoLAC</subfield>
  </datafield>
  <datafield tag="046" ind1=" " ind2=" ">
    <subfield code="f">1974</subfield>
    <subfield code="2">edtf</subfield>
  </datafield>
  <datafield tag="100" ind1="1" ind2=" ">
    <subfield code="a">Shonstrom, Erik</subfield>
  </datafield>
  <datafield tag="670" ind1=" " ind2=" ">
    <subfield code="a">Wild curiosity, 2015:</subfield>
    <subfield code="b">ECIP t.p. (Erik Shonstrom)</subfield>
  </datafield>
  <datafield tag="670" ind1=" " ind2=" ">
    <subfield code="a">The wisdom of the body, 2020:</subfield>
    <subfield code="b">eCIP title page (Erik Shonstrom) data view (birth year: 1974)</subfield>
  </datafield>
</record>