
<record>
  <leader>00554cz  a2200157n  4500</leader>
  <controlfield tag="001">10049807</controlfield>
  <controlfield tag="003">DLC</controlfield>
  <controlfield tag="005">20200101073116.0</controlfield>
  <controlfield tag="008">160107n| azannaabn          |n aaa      </controlfield>
  <datafield tag="010" ind1=" " ind2=" ">
    <subfield code="a">n 2016000858</subfield>
  </datafield>
  <datafield tag="035" ind1=" " ind2=" ">
    <subfield code="a">(OCoLC)oca10358884</subfield>
  </datafield>
  <datafield tag="040" ind1=" " ind2=" ">
    <subfield code="a">DLC</subfield>
    <subfield code="b">eng</subfield>
    <subfield code="c">DLC</subfield>
    <subfield code="e">rda</subfield>
    <subfield code="d">OCoLC</subfield>
  </datafield>
  <datafield tag="100" ind1="1" ind2=" ">
    <subfield code="a">Tʻorosyan, Goṛ</subfield>
  </datafield>
  <datafield tag="670" ind1=" " ind2=" ">
    <subfield code="a">HH Kʻaghakʻatsʻiakan ōrensgrkʻi gortsnakan meknabanutʻyunner, 2014:</subfield>
    <subfield code="b">title page (Goṛ Tʻorosyan)</subfield>
  </datafield>
  <datafield tag="670" ind1=" " ind2=" ">
    <subfield code="a">Hayastani Hanrapetutʻyan ev Evropakan Miutʻyan ōrensdrutʻyan motarkumě, 2012:</subfield>
    <subfield code="b">colophon (Gor Torosyan)</subfield>
  </datafield>
  <datafield tag="953" ind1=" " ind2=" ">
    <subfield code="a">cd16</subfield>
  </datafield>
</record>