
<record>
  <leader>00639cz  a2200193n  4500</leader>
  <controlfield tag="001">10067347</controlfield>
  <controlfield tag="003">DLC</controlfield>
  <controlfield tag="005">20200101073116.0</controlfield>
  <controlfield tag="008">160128n| azannaabn          |a aaa     c</controlfield>
  <datafield tag="010" ind1=" " ind2=" ">
    <subfield code="a">ns2016000330</subfield>
  </datafield>
  <datafield tag="035" ind1=" " ind2=" ">
    <subfield code="a">(CaEvSKY)skya10988661</subfield>
  </datafield>
  <datafield tag="035" ind1=" " ind2=" ">
    <subfield code="a">(OCoLC)oca10377470</subfield>
  </datafield>
  <datafield tag="040" ind1=" " ind2=" ">
    <subfield code="a">MX-MoT</subfield>
    <subfield code="b">eng</subfield>
    <subfield code="e">rda</subfield>
    <subfield code="c">MX-MoT</subfield>
    <subfield code="d">DLC</subfield>
    <subfield code="d">OCoLC</subfield>
  </datafield>
  <datafield tag="046" ind1=" " ind2=" ">
    <subfield code="k">2012</subfield>
    <subfield code="2">edtf</subfield>
  </datafield>
  <datafield tag="100" ind1="1" ind2=" ">
    <subfield code="a">Stone, Norman,</subfield>
    <subfield code="d">1941-2019.</subfield>
    <subfield code="t">Turkey.</subfield>
    <subfield code="l">Spanish</subfield>
  </datafield>
  <datafield tag="377" ind1=" " ind2=" ">
    <subfield code="a">spa</subfield>
  </datafield>
  <datafield tag="381" ind1=" " ind2=" ">
    <subfield code="a">García Lorenzana</subfield>
  </datafield>
  <datafield tag="400" ind1="1" ind2=" ">
    <subfield code="a">Stone, Norman,</subfield>
    <subfield code="d">1941-2019.</subfield>
    <subfield code="t">Breve historia de Turquía</subfield>
  </datafield>
  <datafield tag="670" ind1=" " ind2=" ">
    <subfield code="a">Breve historia de Turquía, 2012:</subfield>
    <subfield code="b">title page (Norman Stone; traducción de Francisco García Lorenzana)</subfield>
  </datafield>
</record>