
<record>
  <leader>01495cz  a2200265n  4500</leader>
  <controlfield tag="001">10157939</controlfield>
  <controlfield tag="003">DLC</controlfield>
  <controlfield tag="005">20200101073116.0</controlfield>
  <controlfield tag="008">160511n| azannaabn          |n aaa      </controlfield>
  <datafield tag="010" ind1=" " ind2=" ">
    <subfield code="a">nb2016010250</subfield>
  </datafield>
  <datafield tag="035" ind1=" " ind2=" ">
    <subfield code="a">(Uk)009629226</subfield>
  </datafield>
  <datafield tag="035" ind1=" " ind2=" ">
    <subfield code="a">(OCoLC)oca10473822</subfield>
  </datafield>
  <datafield tag="040" ind1=" " ind2=" ">
    <subfield code="a">Uk</subfield>
    <subfield code="b">eng</subfield>
    <subfield code="e">rda</subfield>
    <subfield code="c">Uk</subfield>
    <subfield code="d">UkCU</subfield>
    <subfield code="d">CU</subfield>
  </datafield>
  <datafield tag="046" ind1=" " ind2=" ">
    <subfield code="f">1926-03-29</subfield>
    <subfield code="g">2019-12-17</subfield>
    <subfield code="2">edtf</subfield>
  </datafield>
  <datafield tag="100" ind1="1" ind2=" ">
    <subfield code="a">Adams, Tom,</subfield>
    <subfield code="d">1926-2019</subfield>
  </datafield>
  <datafield tag="370" ind1=" " ind2=" ">
    <subfield code="a">Providence (R.I.)</subfield>
    <subfield code="c">United States</subfield>
    <subfield code="c">Great Britain</subfield>
    <subfield code="c">England</subfield>
    <subfield code="e">Launceston (England)</subfield>
    <subfield code="2">naf</subfield>
  </datafield>
  <datafield tag="372" ind1=" " ind2=" ">
    <subfield code="a">Illustration of books</subfield>
    <subfield code="a">Portrait painting</subfield>
    <subfield code="a">Book cover art</subfield>
    <subfield code="2">lcsh</subfield>
  </datafield>
  <datafield tag="374" ind1=" " ind2=" ">
    <subfield code="a">Illustrators</subfield>
    <subfield code="a">Painters</subfield>
    <subfield code="2">lcsh</subfield>
  </datafield>
  <datafield tag="375" ind1=" " ind2=" ">
    <subfield code="a">Males</subfield>
    <subfield code="2">lcdgt</subfield>
  </datafield>
  <datafield tag="377" ind1=" " ind2=" ">
    <subfield code="a">eng</subfield>
  </datafield>
  <datafield tag="667" ind1=" " ind2=" ">
    <subfield code="a">Formerly on undifferentiated name record n81090385</subfield>
  </datafield>
  <datafield tag="670" ind1=" " ind2=" ">
    <subfield code="a">Tom Adams uncovered, 2015:</subfield>
    <subfield code="b">about the authors page (He was born in Providence, Rhode Island; currently lives in Launceston in the Kensey Valley, North Cornwall)</subfield>
  </datafield>
  <datafield tag="670" ind1=" " ind2=" ">
    <subfield code="a">Wikipedia, viewed 30 December 2019</subfield>
    <subfield code="b">(Tom Adams, born 29 March 1926, Providence, Rhode Island, died December 17, 2019 (aged 93). He is a US-born Anglo-Scots illustrator and painter, active in a variety of visual formats, known for his work in book cover art, portrait painting, poster, advertising and album art. He is most widely known for his book cover art for the paperback editions of Agatha Christie)</subfield>
    <subfield code="u">https://en.wikipedia.org/wiki/Tom_Adams_(illustrator)</subfield>
  </datafield>
  <datafield tag="670" ind1=" " ind2=" ">
    <subfield code="a">Agatha Christie, the art of her crimes, 1981:</subfield>
    <subfield code="b">t.p. (Tom Adams)</subfield>
  </datafield>
  <datafield tag="670" ind1=" " ind2=" ">
    <subfield code="a">Aquarial fish, 1977:</subfield>
    <subfield code="b">t.p. (Tom Adams)</subfield>
  </datafield>
</record>