
<record>
  <leader>01110cz  a2200205n  4500</leader>
  <controlfield tag="001">10259332</controlfield>
  <controlfield tag="003">DLC</controlfield>
  <controlfield tag="005">20200101073117.0</controlfield>
  <controlfield tag="008">160915n| azannaabn          |b aaa     c</controlfield>
  <datafield tag="010" ind1=" " ind2=" ">
    <subfield code="a">no2016124049</subfield>
  </datafield>
  <datafield tag="035" ind1=" " ind2=" ">
    <subfield code="a">(OCoLC)oca10579830</subfield>
  </datafield>
  <datafield tag="040" ind1=" " ind2=" ">
    <subfield code="a">ViFGM</subfield>
    <subfield code="b">eng</subfield>
    <subfield code="e">rda</subfield>
    <subfield code="c">ViFGM</subfield>
    <subfield code="d">DLC</subfield>
    <subfield code="d">OCoLC</subfield>
  </datafield>
  <datafield tag="100" ind1="1" ind2=" ">
    <subfield code="a">Tytarchuk, Oleksandr</subfield>
  </datafield>
  <datafield tag="370" ind1=" " ind2=" ">
    <subfield code="c">Ukraine</subfield>
    <subfield code="2">naf</subfield>
  </datafield>
  <datafield tag="373" ind1=" " ind2=" ">
    <subfield code="a">Dyplomatychna akademii︠a︡ Ukraïny</subfield>
    <subfield code="2">naf</subfield>
  </datafield>
  <datafield tag="400" ind1="1" ind2=" ">
    <subfield code="a">Титарчук, Олександр</subfield>
  </datafield>
  <datafield tag="667" ind1=" " ind2=" ">
    <subfield code="a">Non-Latin script reference not evaluated.</subfield>
  </datafield>
  <datafield tag="670" ind1=" " ind2=" ">
    <subfield code="a">International crisis management, 2016:</subfield>
    <subfield code="b">title page (Oleksandr Tytarchuk, East European Security Research Initiative Foundation and Foreign Policy Research Institute, Diplomatic Academy of Ukraine)</subfield>
  </datafield>
  <datafield tag="670" ind1=" " ind2=" ">
    <subfield code="a">Pytanni︠a︡ bezpeky li︠u︡dyny v konteksti reformuvanni︠a︡ bezpekovoho sektoru kraïn Skhidnoï I︠E︡vropy, 2017:</subfield>
    <subfield code="b">page four of cover (Олександр Титарчук = Oleksandr Tytarchuk; Благодійний фонд «Ініціатива з дослідження східно-європейської безпеки», Україна)</subfield>
  </datafield>
  <datafield tag="953" ind1=" " ind2=" ">
    <subfield code="a">fc04</subfield>
  </datafield>
</record>