
<record>
  <leader>01124cz  a2200253n  4500</leader>
  <controlfield tag="001">10440273</controlfield>
  <controlfield tag="003">DLC</controlfield>
  <controlfield tag="005">20200101073117.0</controlfield>
  <controlfield tag="008">170501n| azannaabn          |n aaa     c</controlfield>
  <datafield tag="010" ind1=" " ind2=" ">
    <subfield code="a">no2017055317</subfield>
  </datafield>
  <datafield tag="035" ind1=" " ind2=" ">
    <subfield code="a">(OCoLC)oca10787218</subfield>
  </datafield>
  <datafield tag="040" ind1=" " ind2=" ">
    <subfield code="a">StEdNL</subfield>
    <subfield code="b">eng</subfield>
    <subfield code="e">rda</subfield>
    <subfield code="c">StEdNL</subfield>
    <subfield code="d">StEdNL</subfield>
  </datafield>
  <datafield tag="100" ind1="1" ind2=" ">
    <subfield code="a">Cohen, Susan</subfield>
    <subfield code="c">(Therapist)</subfield>
  </datafield>
  <datafield tag="370" ind1=" " ind2=" ">
    <subfield code="a">Highlands (Scotland)</subfield>
    <subfield code="2">lcsh</subfield>
  </datafield>
  <datafield tag="370" ind1=" " ind2=" ">
    <subfield code="c">Scotland</subfield>
    <subfield code="e">Edinburgh (Scotland)</subfield>
    <subfield code="f">Aberdeen (Scotland)</subfield>
    <subfield code="2">naf</subfield>
  </datafield>
  <datafield tag="372" ind1=" " ind2=" ">
    <subfield code="a">Psychotherapy</subfield>
    <subfield code="a">Mindfulness (Psychology)</subfield>
    <subfield code="a">Publishers and publishing</subfield>
    <subfield code="a">Law</subfield>
    <subfield code="2">lcsh</subfield>
  </datafield>
  <datafield tag="373" ind1=" " ind2=" ">
    <subfield code="a">Wee Book Company Ltd.</subfield>
  </datafield>
  <datafield tag="373" ind1=" " ind2=" ">
    <subfield code="a">University of Aberdeen</subfield>
    <subfield code="2">naf</subfield>
  </datafield>
  <datafield tag="374" ind1=" " ind2=" ">
    <subfield code="a">Therapist</subfield>
    <subfield code="a">Director</subfield>
  </datafield>
  <datafield tag="374" ind1=" " ind2=" ">
    <subfield code="a">Authors</subfield>
    <subfield code="a">Publishers and publishing</subfield>
    <subfield code="2">lcsh</subfield>
  </datafield>
  <datafield tag="374" ind1=" " ind2=" ">
    <subfield code="a">Lawyers</subfield>
    <subfield code="2">lcdgt</subfield>
  </datafield>
  <datafield tag="377" ind1=" " ind2=" ">
    <subfield code="a">sco</subfield>
  </datafield>
  <datafield tag="670" ind1=" " ind2=" ">
    <subfield code="a">The wee book o&apos; Scottish mindfooness, 2016:</subfield>
    <subfield code="b">t.p. (Susan Cohen) p. 2 (therapist; bides in Edinburgh)</subfield>
  </datafield>
  <datafield tag="670" ind1=" " ind2=" ">
    <subfield code="a">Susan Cohen WWW site, December 31, 2019</subfield>
    <subfield code="b">(Susan Cohen; writer and publisher; director of the Wee Book Company Ltd.; born and raised in the Highlands of Scotland and left to study law at the University of Aberdeen; practised as a solicitor for many years)</subfield>
  </datafield>
</record>