
<record>
  <leader>00983cz  a2200229n  4500</leader>
  <controlfield tag="001">10671551</controlfield>
  <controlfield tag="003">DLC</controlfield>
  <controlfield tag="005">20200101073117.0</controlfield>
  <controlfield tag="008">180212n| azannaabn          |b aaa      </controlfield>
  <datafield tag="010" ind1=" " ind2=" ">
    <subfield code="a">n 2018008098</subfield>
  </datafield>
  <datafield tag="035" ind1=" " ind2=" ">
    <subfield code="a">(OCoLC)oca11196244</subfield>
  </datafield>
  <datafield tag="040" ind1=" " ind2=" ">
    <subfield code="a">DLC</subfield>
    <subfield code="b">eng</subfield>
    <subfield code="e">rda</subfield>
    <subfield code="c">DLC</subfield>
    <subfield code="d">NAlfC</subfield>
  </datafield>
  <datafield tag="046" ind1=" " ind2=" ">
    <subfield code="f">1956</subfield>
    <subfield code="2">edtf</subfield>
  </datafield>
  <datafield tag="100" ind1="1" ind2=" ">
    <subfield code="a">Qing, Feng</subfield>
    <subfield code="c">(Architecture teacher)</subfield>
  </datafield>
  <datafield tag="370" ind1=" " ind2=" ">
    <subfield code="c">China</subfield>
    <subfield code="2">naf</subfield>
  </datafield>
  <datafield tag="372" ind1=" " ind2=" ">
    <subfield code="a">Architecture--History</subfield>
    <subfield code="a">Architecture--Philosophy</subfield>
    <subfield code="2">lcsh</subfield>
  </datafield>
  <datafield tag="374" ind1=" " ind2=" ">
    <subfield code="a">College teachers</subfield>
    <subfield code="2">lcsh</subfield>
  </datafield>
  <datafield tag="400" ind1="1" ind2=" ">
    <subfield code="a">青锋</subfield>
    <subfield code="c">(Architecture teacher)</subfield>
  </datafield>
  <datafield tag="400" ind1="1" ind2=" ">
    <subfield code="a">Feng, Qing</subfield>
    <subfield code="c">(Architecture teacher)</subfield>
  </datafield>
  <datafield tag="667" ind1=" " ind2=" ">
    <subfield code="a">Non-Latin script reference not evaluated</subfield>
  </datafield>
  <datafield tag="670" ind1=" " ind2=" ">
    <subfield code="a">Sichuan Chongqing gu jian zhu di tu, 2016:</subfield>
    <subfield code="b">vita (青锋 = Qing Feng; assoc. prof. of architecture, Qing hua da xue Jian zhu xue yuan; Ph.D., in architectural history/theory, Univ. of Edinburgh)</subfield>
  </datafield>
  <datafield tag="670" ind1=" " ind2=" ">
    <subfield code="a">DNB via VIAF, viewed Dec. 24, 2019</subfield>
    <subfield code="b">(access point: Qing, Feng, 1956-; architecture teacher)</subfield>
    <subfield code="u">http://viaf.org/processed/DNB%7C1190216418</subfield>
  </datafield>
</record>