
<record>
  <leader>01343cz  a2200229n  4500</leader>
  <controlfield tag="001">10764606</controlfield>
  <controlfield tag="003">DLC</controlfield>
  <controlfield tag="005">20200101073118.0</controlfield>
  <controlfield tag="008">180531n| azannaabn          |n aaa      </controlfield>
  <datafield tag="010" ind1=" " ind2=" ">
    <subfield code="a">n 2018031636</subfield>
  </datafield>
  <datafield tag="035" ind1=" " ind2=" ">
    <subfield code="a">(CaEvSKY)skya11681912</subfield>
  </datafield>
  <datafield tag="035" ind1=" " ind2=" ">
    <subfield code="a">(OCoLC)oca11376273</subfield>
  </datafield>
  <datafield tag="040" ind1=" " ind2=" ">
    <subfield code="a">DLC</subfield>
    <subfield code="b">eng</subfield>
    <subfield code="e">rda</subfield>
    <subfield code="c">DLC</subfield>
    <subfield code="d">MX-SlUA</subfield>
    <subfield code="d">OCoLC</subfield>
  </datafield>
  <datafield tag="046" ind1=" " ind2=" ">
    <subfield code="f">1975</subfield>
    <subfield code="2">edtf</subfield>
  </datafield>
  <datafield tag="100" ind1="1" ind2=" ">
    <subfield code="a">Siddiqui, Shabnam,</subfield>
    <subfield code="d">1975-</subfield>
  </datafield>
  <datafield tag="373" ind1=" " ind2=" ">
    <subfield code="a">University of Delhi</subfield>
  </datafield>
  <datafield tag="375" ind1=" " ind2=" ">
    <subfield code="a">Females</subfield>
    <subfield code="2">lcdgt</subfield>
  </datafield>
  <datafield tag="377" ind1=" " ind2=" ">
    <subfield code="a">eng</subfield>
  </datafield>
  <datafield tag="670" ind1=" " ind2=" ">
    <subfield code="a">Quantum mechanics, a simplified approach, 2018:</subfield>
    <subfield code="b">ECIP t.p. (Shabnam Siddiqui)</subfield>
  </datafield>
  <datafield tag="670" ind1=" " ind2=" ">
    <subfield code="a">amazon.com, at title: Quantum mechanics, a simplified approach; viewed May 31, 2018:</subfield>
    <subfield code="b">at About the author (Dr. Shabnam Siddiqui; bachelor of science (hons) and master of science with a specialization in plasma physics from the University of Delhi, New Delhi, India in 1999; Ph. D., University of Arkansas, Fayetteville, 2006; assistant professor, Louisiana Tech University)</subfield>
  </datafield>
  <datafield tag="670" ind1=" " ind2=" ">
    <subfield code="a">OCLC, May 31, 2018</subfield>
    <subfield code="b">(hdg.: Siddiqui, Shabnam, 1975- ; Ph. D., University of Arkansas, Fayetteville, 2006)</subfield>
  </datafield>
  <datafield tag="670" ind1=" " ind2=" ">
    <subfield code="a">Quantum mechanics, a simplified approach, 2018:</subfield>
    <subfield code="b">title page (Shabnam Siddiqui) page xvii (Dr. Shabnam Siddiqui earned her Bachelor of Science (Hons) and Master of Science with a specialization in plasma physics from the University of Delhi, New Delhi, India in 1999)</subfield>
  </datafield>
</record>