
<record>
  <leader>01783cz  a2200301n  4500</leader>
  <controlfield tag="001">10794803</controlfield>
  <controlfield tag="003">DLC</controlfield>
  <controlfield tag="005">20200101073118.0</controlfield>
  <controlfield tag="008">180706n| azannaabn          |a ana     c</controlfield>
  <datafield tag="010" ind1=" " ind2=" ">
    <subfield code="a">no2018089550</subfield>
  </datafield>
  <datafield tag="035" ind1=" " ind2=" ">
    <subfield code="a">(OCoLC)oca11432311</subfield>
  </datafield>
  <datafield tag="040" ind1=" " ind2=" ">
    <subfield code="a">ICU</subfield>
    <subfield code="b">eng</subfield>
    <subfield code="e">rda</subfield>
    <subfield code="c">ICU</subfield>
    <subfield code="d">ICU</subfield>
  </datafield>
  <datafield tag="046" ind1=" " ind2=" ">
    <subfield code="s">1938</subfield>
    <subfield code="2">edtf</subfield>
  </datafield>
  <datafield tag="110" ind1="2" ind2=" ">
    <subfield code="a">Czech-American National Alliance</subfield>
  </datafield>
  <datafield tag="370" ind1=" " ind2=" ">
    <subfield code="e">Chicago (Illinois)</subfield>
    <subfield code="2">naf</subfield>
  </datafield>
  <datafield tag="377" ind1=" " ind2=" ">
    <subfield code="a">cze</subfield>
    <subfield code="a">eng</subfield>
  </datafield>
  <datafield tag="410" ind1="2" ind2=" ">
    <subfield code="a">CANA</subfield>
  </datafield>
  <datafield tag="410" ind1="2" ind2=" ">
    <subfield code="a">České národní sdružení (U.S.)</subfield>
  </datafield>
  <datafield tag="410" ind1="2" ind2=" ">
    <subfield code="a">České národní sdružení v Americe</subfield>
  </datafield>
  <datafield tag="410" ind1="2" ind2=" ">
    <subfield code="a">CNS</subfield>
  </datafield>
  <datafield tag="410" ind1="2" ind2=" ">
    <subfield code="a">Č.N.S.</subfield>
  </datafield>
  <datafield tag="410" ind1="2" ind2=" ">
    <subfield code="a">Czech-National Alliance of America</subfield>
  </datafield>
  <datafield tag="670" ind1=" " ind2=" ">
    <subfield code="a">The second bazar for the benefit of the Czechoslovak refugees:</subfield>
    <subfield code="b">front cover (Czech-American National Alliance) unnumbered 3rd page (... Českého Národního Sdružení; CNS)</subfield>
  </datafield>
  <datafield tag="670" ind1=" " ind2=" ">
    <subfield code="a">Krajané a československý zahraniční odboj 1938-1945, 2010:</subfield>
    <subfield code="b">page 68 (České národní sdružení v Americe; Czech American National Alliance; address: 3851 West 26th Street, Chicago 23, Ill.; Č.N.S.)</subfield>
  </datafield>
  <datafield tag="670" ind1=" " ind2=" ">
    <subfield code="a">They Chose Minnesota, 1981:</subfield>
    <subfield code="b">page 347 (Czech National Alliance was reactivated in May, 1938)</subfield>
  </datafield>
  <datafield tag="670" ind1=" " ind2=" ">
    <subfield code="a">Stanovy Českého národního sdružení v Americe, 1939:</subfield>
    <subfield code="b">page 1 (name of the organization is: České národní sdružení v Americe--Czech American National Alliance; Č.N.S.; name adopted at convention held in Chicago on April 18-19, 1939)</subfield>
  </datafield>
  <datafield tag="670" ind1=" " ind2=" ">
    <subfield code="a">By-Laws of the Czech-National Alliance of America, 1939:</subfield>
    <subfield code="b">page 1 (Czech-American National Alliance, CANA) front cover (Czech-National Alliance of America</subfield>
  </datafield>
  <datafield tag="670" ind1=" " ind2=" ">
    <subfield code="a">Czech-American timeline, :</subfield>
    <subfield code="b">page 280 (Czech National Alliance was reactivated in 1938; within two years, it had 213 chapters, with more than 30,000 members)</subfield>
  </datafield>
</record>