
<record>
  <leader>02566cz  a2200409n  4500</leader>
  <controlfield tag="001">10816131</controlfield>
  <controlfield tag="003">DLC</controlfield>
  <controlfield tag="005">20200101073120.0</controlfield>
  <controlfield tag="008">180801n| azannaabn          |a aaa     c</controlfield>
  <datafield tag="010" ind1=" " ind2=" ">
    <subfield code="a">no2018101896</subfield>
  </datafield>
  <datafield tag="035" ind1=" " ind2=" ">
    <subfield code="a">(OCoLC)oca11475717</subfield>
  </datafield>
  <datafield tag="040" ind1=" " ind2=" ">
    <subfield code="a">CSt</subfield>
    <subfield code="b">eng</subfield>
    <subfield code="e">rda</subfield>
    <subfield code="c">CSt</subfield>
    <subfield code="d">DLC</subfield>
    <subfield code="d">OCoLC</subfield>
  </datafield>
  <datafield tag="046" ind1=" " ind2=" ">
    <subfield code="f">1971-12-02</subfield>
    <subfield code="2">edtf</subfield>
  </datafield>
  <datafield tag="100" ind1="1" ind2=" ">
    <subfield code="a">Simbaña Pillajo, Freddy</subfield>
  </datafield>
  <datafield tag="370" ind1=" " ind2=" ">
    <subfield code="a">Quito (Ecuador)</subfield>
    <subfield code="2">naf</subfield>
  </datafield>
  <datafield tag="370" ind1=" " ind2=" ">
    <subfield code="e">Quito (Ecuador)</subfield>
    <subfield code="2">naf</subfield>
  </datafield>
  <datafield tag="371" ind1=" " ind2=" ">
    <subfield code="m">fsimbana@ups.edu.ec</subfield>
    <subfield code="m">freddysimb@gmail.com</subfield>
  </datafield>
  <datafield tag="372" ind1=" " ind2=" ">
    <subfield code="a">Yumbada (Dance)</subfield>
    <subfield code="2">lcsh</subfield>
  </datafield>
  <datafield tag="372" ind1=" " ind2=" ">
    <subfield code="a">Intercultural bilingual education</subfield>
  </datafield>
  <datafield tag="372" ind1=" " ind2=" ">
    <subfield code="a">Social communication</subfield>
  </datafield>
  <datafield tag="373" ind1=" " ind2=" ">
    <subfield code="a">Inter-American Organization for Higher Education</subfield>
    <subfield code="2">naf</subfield>
    <subfield code="t">2012</subfield>
  </datafield>
  <datafield tag="373" ind1=" " ind2=" ">
    <subfield code="a">College of the Americas</subfield>
    <subfield code="2">naf</subfield>
    <subfield code="t">2012</subfield>
  </datafield>
  <datafield tag="373" ind1=" " ind2=" ">
    <subfield code="a">Red Interamericana de Formación de Formadores en Educación Bilingüe</subfield>
    <subfield code="t">2012</subfield>
  </datafield>
  <datafield tag="373" ind1=" " ind2=" ">
    <subfield code="a">Red de Universidades</subfield>
    <subfield code="2">naf</subfield>
    <subfield code="t">2012</subfield>
  </datafield>
  <datafield tag="373" ind1=" " ind2=" ">
    <subfield code="a">FLACSO (Organization). Sede Ecuador</subfield>
    <subfield code="2">naf</subfield>
    <subfield code="t">2011</subfield>
  </datafield>
  <datafield tag="373" ind1=" " ind2=" ">
    <subfield code="a">Universidad Central del Ecuador</subfield>
    <subfield code="2">naf</subfield>
    <subfield code="t">2001</subfield>
  </datafield>
  <datafield tag="373" ind1=" " ind2=" ">
    <subfield code="a">Universidad Politécnica Salesiana, Carrera de Antropología Aplicada</subfield>
    <subfield code="2">naf</subfield>
  </datafield>
  <datafield tag="374" ind1=" " ind2=" ">
    <subfield code="a">Anthropologist</subfield>
    <subfield code="a">Professor</subfield>
    <subfield code="a">Researcher</subfield>
  </datafield>
  <datafield tag="375" ind1=" " ind2=" ">
    <subfield code="a">Males</subfield>
    <subfield code="2">lcdgt</subfield>
  </datafield>
  <datafield tag="377" ind1=" " ind2=" ">
    <subfield code="a">spa</subfield>
  </datafield>
  <datafield tag="378" ind1=" " ind2=" ">
    <subfield code="q">Freddy Enrique</subfield>
  </datafield>
  <datafield tag="400" ind1="1" ind2=" ">
    <subfield code="a">Pillajo, Freddy Simbaña</subfield>
  </datafield>
  <datafield tag="400" ind1="1" ind2=" ">
    <subfield code="a">Simbaña, Freddy</subfield>
  </datafield>
  <datafield tag="670" ind1=" " ind2=" ">
    <subfield code="a">La danza de la yumbada en el barrio La Magdalena, 2018:</subfield>
    <subfield code="b">title page (Freddy Simbaña Pillajo)</subfield>
  </datafield>
  <datafield tag="670" ind1=" " ind2=" ">
    <subfield code="a">OCLC, searched July 26, 2018</subfield>
    <subfield code="b">(heading: Simbaña Pillajo, Freddy Enrique; no usage)</subfield>
  </datafield>
  <datafield tag="670" ind1=" " ind2=" ">
    <subfield code="a">Author&apos;s blog, April 19, 2019:</subfield>
    <subfield code="b">(Freddy Simbaña Pillajo; Freddy Simbaña; born December 2, 1971 in Quito; resident of Quito; fsimbana@ups.edu.ec; freddysimb@gmail.com; licenciatura in social communication, Universidad Central del Ecuador (2001); master&apos;s in anthropology, FLACSO Ecuador (2011); certification in intercultural bilingual education from the Organización Universitaria Interamericana, the Colegio de las Américas, the Red Interamericana de Formación de Formadores en Educación Bilingüe, and the Red de Universidades (2012); professor and researcher affiliated with the Carrera de Antropología Aplicada and the Carrera de Educación Intercultural Bilingüe, both of the Universidad Politécnica Salesiana; author of several works including La danza de la yumbada en el barrio La Magdalena)</subfield>
    <subfield code="u">https://freddysimbana.wordpress.com/perfil/</subfield>
  </datafield>
  <datafield tag="670" ind1=" " ind2=" ">
    <subfield code="a">Universidad Politécnica Salesiana website, April 19, 2019:</subfield>
    <subfield code="b">(Freddy Enrique Simbaña Pillajo; fsimbana@ups.edu.ec)</subfield>
    <subfield code="u">https://www.ups.edu.ec/informacion-docente?pId=154103</subfield>
  </datafield>
</record>