
<record>
  <leader>00643cz  a2200157n  4500</leader>
  <controlfield tag="001">10918751</controlfield>
  <controlfield tag="003">DLC</controlfield>
  <controlfield tag="005">20200101073120.0</controlfield>
  <controlfield tag="008">181130n| azannaabn          |a ana     c</controlfield>
  <datafield tag="010" ind1=" " ind2=" ">
    <subfield code="a">no2018163822</subfield>
  </datafield>
  <datafield tag="035" ind1=" " ind2=" ">
    <subfield code="a">(OCoLC)oca11679753</subfield>
  </datafield>
  <datafield tag="040" ind1=" " ind2=" ">
    <subfield code="a">ICU</subfield>
    <subfield code="b">eng</subfield>
    <subfield code="e">rda</subfield>
    <subfield code="c">ICU</subfield>
    <subfield code="d">ICU</subfield>
  </datafield>
  <datafield tag="110" ind1="2" ind2=" ">
    <subfield code="a">Czech-American National Alliance.</subfield>
    <subfield code="b">Odbočka Tomáš G. Masaryk (Cleveland, Ohio)</subfield>
  </datafield>
  <datafield tag="370" ind1=" " ind2=" ">
    <subfield code="e">Cleveland (Ohio)</subfield>
    <subfield code="2">naf</subfield>
  </datafield>
  <datafield tag="410" ind1="2" ind2=" ">
    <subfield code="w">nne</subfield>
    <subfield code="a">České národní sdružení.</subfield>
    <subfield code="b">Odbočka Tomáš G. Masaryk (Cleveland, Ohio)</subfield>
  </datafield>
  <datafield tag="670" ind1=" " ind2=" ">
    <subfield code="a">Martínek, Josef. K historii pomocné akce české v Americe, 1946:</subfield>
    <subfield code="b">front cover (ČNS ... odbočky T.G. Masaryk v Clevelandu)</subfield>
  </datafield>
</record>