
<record>
  <leader>00793cz  a2200181n  4500</leader>
  <controlfield tag="001">10919057</controlfield>
  <controlfield tag="003">DLC</controlfield>
  <controlfield tag="005">20200101073120.0</controlfield>
  <controlfield tag="008">181130n| azannaabn          |a ana     c</controlfield>
  <datafield tag="010" ind1=" " ind2=" ">
    <subfield code="a">no2018164157</subfield>
  </datafield>
  <datafield tag="035" ind1=" " ind2=" ">
    <subfield code="a">(OCoLC)oca11680088</subfield>
  </datafield>
  <datafield tag="040" ind1=" " ind2=" ">
    <subfield code="a">ICU</subfield>
    <subfield code="b">eng</subfield>
    <subfield code="e">rda</subfield>
    <subfield code="c">ICU</subfield>
    <subfield code="d">ICU</subfield>
  </datafield>
  <datafield tag="110" ind1="2" ind2=" ">
    <subfield code="a">Czech-American National Alliance.</subfield>
    <subfield code="b">Krajský výbor v Michigan</subfield>
  </datafield>
  <datafield tag="368" ind1=" " ind2=" ">
    <subfield code="a">Associations, institutions, etc.</subfield>
    <subfield code="a">Czech Americans--Michigan--Societies, etc.</subfield>
  </datafield>
  <datafield tag="370" ind1=" " ind2=" ">
    <subfield code="e">Michigan</subfield>
    <subfield code="2">naf</subfield>
  </datafield>
  <datafield tag="410" ind1="2" ind2=" ">
    <subfield code="w">nne</subfield>
    <subfield code="a">České národní sdružení.</subfield>
    <subfield code="b">Krajský výbor v Michigan</subfield>
  </datafield>
  <datafield tag="410" ind1="2" ind2=" ">
    <subfield code="a">Krajský výbor Č.N.S. v Michigan</subfield>
  </datafield>
  <datafield tag="670" ind1=" " ind2=" ">
    <subfield code="a">Památník osvobozenecké akce Českého narodního sdružení ve státu Michigan v historických letech 1939-1945, 1946:</subfield>
    <subfield code="b">title page (Krajský výbor Č.N.S. v Michigan)</subfield>
  </datafield>
</record>