
<record>
  <leader>01043cz  a2200217n  4500</leader>
  <controlfield tag="001">10991272</controlfield>
  <controlfield tag="003">DLC</controlfield>
  <controlfield tag="005">20200101073120.0</controlfield>
  <controlfield tag="008">190301n| azannaabn          |n aaa     c</controlfield>
  <datafield tag="010" ind1=" " ind2=" ">
    <subfield code="a">ns2019000629</subfield>
  </datafield>
  <datafield tag="035" ind1=" " ind2=" ">
    <subfield code="a">(CaEvSKY)skya11907344</subfield>
  </datafield>
  <datafield tag="035" ind1=" " ind2=" ">
    <subfield code="a">(OCoLC)oca11863293</subfield>
  </datafield>
  <datafield tag="040" ind1=" " ind2=" ">
    <subfield code="a">INap</subfield>
    <subfield code="b">eng</subfield>
    <subfield code="e">rda</subfield>
    <subfield code="c">INap</subfield>
    <subfield code="d">OCoLC</subfield>
  </datafield>
  <datafield tag="100" ind1="1" ind2=" ">
    <subfield code="a">Trussell, Frances</subfield>
  </datafield>
  <datafield tag="370" ind1=" " ind2=" ">
    <subfield code="e">Hampton Court (Richmond upon Thames, London, England)</subfield>
    <subfield code="2">naf</subfield>
  </datafield>
  <datafield tag="372" ind1=" " ind2=" ">
    <subfield code="a">Meditation</subfield>
    <subfield code="a">Mindfulness-based cognitive therapy</subfield>
    <subfield code="2">lcsh</subfield>
  </datafield>
  <datafield tag="374" ind1=" " ind2=" ">
    <subfield code="a">Teachers</subfield>
    <subfield code="a">Authors</subfield>
    <subfield code="a">Orators</subfield>
    <subfield code="a">Counselors</subfield>
    <subfield code="2">lcsh</subfield>
  </datafield>
  <datafield tag="375" ind1=" " ind2=" ">
    <subfield code="a">Females.</subfield>
    <subfield code="2">lcdgt</subfield>
  </datafield>
  <datafield tag="377" ind1=" " ind2=" ">
    <subfield code="a">eng</subfield>
  </datafield>
  <datafield tag="670" ind1=" " ind2=" ">
    <subfield code="a">You are not your thoughts, 2018:</subfield>
    <subfield code="b">page 4 of cover (Frances Trussell founder of &apos;Mindfully Happy&apos; is an influential mindfulness teacher with a background in broadcast journalism.) page 91 (Frances Trussell lives in lovely Hampton Court, just outside London)</subfield>
  </datafield>
  <datafield tag="670" ind1=" " ind2=" ">
    <subfield code="a">Frances Trussell website, viewed March 1st, 2019:</subfield>
    <subfield code="b">(Frances Trussell is a Mindfulness teacher, author, speaker and therapist.)</subfield>
    <subfield code="u">http://www.francestrussell.com/about-.html</subfield>
  </datafield>
</record>