
<record>
  <leader>01124cz  a2200241n  4500</leader>
  <controlfield tag="001">11018270</controlfield>
  <controlfield tag="003">DLC</controlfield>
  <controlfield tag="005">20200101073120.0</controlfield>
  <controlfield tag="008">190401n| azannaabn          |a aaa     c</controlfield>
  <datafield tag="010" ind1=" " ind2=" ">
    <subfield code="a">no2019048413</subfield>
  </datafield>
  <datafield tag="035" ind1=" " ind2=" ">
    <subfield code="a">(OCoLC)oca11906914</subfield>
  </datafield>
  <datafield tag="040" ind1=" " ind2=" ">
    <subfield code="a">UPB</subfield>
    <subfield code="b">eng</subfield>
    <subfield code="e">rda</subfield>
    <subfield code="c">UPB</subfield>
    <subfield code="d">OCoLC</subfield>
  </datafield>
  <datafield tag="046" ind1=" " ind2=" ">
    <subfield code="f">1973-06-30</subfield>
    <subfield code="2">edtf</subfield>
  </datafield>
  <datafield tag="100" ind1="1" ind2=" ">
    <subfield code="a">Tallie, Mariahadessa Ekere,</subfield>
    <subfield code="d">1973-</subfield>
  </datafield>
  <datafield tag="370" ind1=" " ind2=" ">
    <subfield code="e">Oakland (Calif.)</subfield>
    <subfield code="e">Corona (New York, N.Y.)</subfield>
    <subfield code="e">Flushing (New York, N.Y.)</subfield>
    <subfield code="2">naf</subfield>
  </datafield>
  <datafield tag="374" ind1=" " ind2=" ">
    <subfield code="a">Poets</subfield>
    <subfield code="2">lcsh</subfield>
  </datafield>
  <datafield tag="375" ind1=" " ind2=" ">
    <subfield code="a">Females</subfield>
    <subfield code="2">lcdgt</subfield>
  </datafield>
  <datafield tag="377" ind1=" " ind2=" ">
    <subfield code="a">eng</subfield>
  </datafield>
  <datafield tag="400" ind1="1" ind2=" ">
    <subfield code="a">Tallie, Mariahadessa Serene,</subfield>
    <subfield code="d">1973-</subfield>
  </datafield>
  <datafield tag="670" ind1=" " ind2=" ">
    <subfield code="a">Tallie, Mariahadessa Ekere. Memory, 2017:</subfield>
    <subfield code="b">broadside (Mariahadessa Ekere Tallie)</subfield>
  </datafield>
  <datafield tag="670" ind1=" " ind2=" ">
    <subfield code="a">Mariahadessa Ekere Tallie, via WWW, 1 April 2019</subfield>
    <subfield code="b">(poet; writer; children&apos;s author; MFA from Mills College; currentlyi a Ph.D. student at Brown University)</subfield>
  </datafield>
  <datafield tag="670" ind1=" " ind2=" ">
    <subfield code="a">US public records index, via FamilySearch, 1 April 2019</subfield>
    <subfield code="b">(Mariahadessa Tallie; born 30 June 1973; residences: Oakland, California; Corona, New York; Flushing, New York)</subfield>
  </datafield>
  <datafield tag="670" ind1=" " ind2=" ">
    <subfield code="a">Tallie, Mariahadessa Ekere. Layla&apos;s happiness, 2019:</subfield>
    <subfield code="b">copyright page (Mariahadessa Serene Tallie)</subfield>
  </datafield>
</record>