
<record>
  <leader>01006cz  a2200229n  4500</leader>
  <controlfield tag="001">11028137</controlfield>
  <controlfield tag="003">DLC</controlfield>
  <controlfield tag="005">20200101073120.0</controlfield>
  <controlfield tag="008">190412n| azannaabn          |a aaa      </controlfield>
  <datafield tag="010" ind1=" " ind2=" ">
    <subfield code="a">n 2019020002</subfield>
  </datafield>
  <datafield tag="035" ind1=" " ind2=" ">
    <subfield code="a">(OCoLC)oca11980582</subfield>
  </datafield>
  <datafield tag="040" ind1=" " ind2=" ">
    <subfield code="a">DLC</subfield>
    <subfield code="b">eng</subfield>
    <subfield code="e">rda</subfield>
    <subfield code="c">DLC</subfield>
    <subfield code="d">OCoLC</subfield>
  </datafield>
  <datafield tag="046" ind1=" " ind2=" ">
    <subfield code="f">1936-03-31</subfield>
    <subfield code="2">edtf</subfield>
  </datafield>
  <datafield tag="100" ind1="1" ind2=" ">
    <subfield code="a">Walker, Clarice Annetta Dibble,</subfield>
    <subfield code="d">1936-</subfield>
  </datafield>
  <datafield tag="370" ind1=" " ind2=" ">
    <subfield code="a">Tuskegee (Ala.)</subfield>
    <subfield code="2">naf</subfield>
  </datafield>
  <datafield tag="372" ind1=" " ind2=" ">
    <subfield code="a">Social service</subfield>
    <subfield code="2">lcsh</subfield>
  </datafield>
  <datafield tag="374" ind1=" " ind2=" ">
    <subfield code="a">Social workers</subfield>
    <subfield code="2">lcsh</subfield>
  </datafield>
  <datafield tag="375" ind1=" " ind2=" ">
    <subfield code="a">Females</subfield>
    <subfield code="2">lcdgt</subfield>
  </datafield>
  <datafield tag="377" ind1=" " ind2=" ">
    <subfield code="a">eng</subfield>
  </datafield>
  <datafield tag="400" ind1="1" ind2=" ">
    <subfield code="a">Dibble Walker, Clarice Annetta,</subfield>
    <subfield code="d">1936-</subfield>
  </datafield>
  <datafield tag="670" ind1=" " ind2=" ">
    <subfield code="a">HistoryMakers WWW site, April 12, 2019</subfield>
    <subfield code="b">Clarice Dibble Walker biography (Professor and commissioner of social services, Clarice Dibble Walker was born on March 31, 1936 in Tuskegee, Alabama)</subfield>
  </datafield>
  <datafield tag="670" ind1=" " ind2=" ">
    <subfield code="a">Princeton WWW site, April 12, 2019</subfield>
    <subfield code="b">The HistoryMakers video oral history with Clarice Dibble Walker, IV (Professor and city administrator Clarice Annetta Dibble Walker was born on March 31, 1936 in Tuskegee Institute, Alabama)</subfield>
  </datafield>
</record>