
<record>
  <leader>00986cz  a2200217n  4500</leader>
  <controlfield tag="001">11030258</controlfield>
  <controlfield tag="003">DLC</controlfield>
  <controlfield tag="005">20200101073120.0</controlfield>
  <controlfield tag="008">190415n| azannaabn          |b aaa      </controlfield>
  <datafield tag="010" ind1=" " ind2=" ">
    <subfield code="a">n 2019020232</subfield>
  </datafield>
  <datafield tag="035" ind1=" " ind2=" ">
    <subfield code="a">(OCoLC)oca11984453</subfield>
  </datafield>
  <datafield tag="040" ind1=" " ind2=" ">
    <subfield code="a">DLC</subfield>
    <subfield code="b">eng</subfield>
    <subfield code="e">rda</subfield>
    <subfield code="c">DLC</subfield>
    <subfield code="d">OCoLC</subfield>
  </datafield>
  <datafield tag="046" ind1=" " ind2=" ">
    <subfield code="f">1834</subfield>
    <subfield code="g">1884</subfield>
    <subfield code="2">edtf</subfield>
  </datafield>
  <datafield tag="100" ind1="1" ind2=" ">
    <subfield code="a">Tijānī, Aḥmad al-Hadī,</subfield>
    <subfield code="d">1834-1884</subfield>
  </datafield>
  <datafield tag="370" ind1=" " ind2=" ">
    <subfield code="c">Sudan</subfield>
    <subfield code="2">naf</subfield>
  </datafield>
  <datafield tag="375" ind1=" " ind2=" ">
    <subfield code="a">male</subfield>
  </datafield>
  <datafield tag="400" ind1="1" ind2=" ">
    <subfield code="a">Ṣāliḥ, Aḥmad ibn Muḥammad ibn Zāyid,</subfield>
    <subfield code="d">1834-1884</subfield>
  </datafield>
  <datafield tag="400" ind1="1" ind2=" ">
    <subfield code="a">Shaykh al-Hadī,</subfield>
    <subfield code="d">1834-1884</subfield>
  </datafield>
  <datafield tag="400" ind1="1" ind2=" ">
    <subfield code="a">‏تجاني، أحمد الهدي,‏</subfield>
    <subfield code="d">‏1834-1884</subfield>
  </datafield>
  <datafield tag="667" ind1=" " ind2=" ">
    <subfield code="a">Non-Latin script reference not evaluated</subfield>
  </datafield>
  <datafield tag="670" ind1=" " ind2=" ">
    <subfield code="a">al-Shaykh al-Mujāhid Aḥmad al-Hadī al-Tijānī, 2017:</subfield>
    <subfield code="b">t.p. (أحمد الهدي التجاني = Aḥmad al-Hadī al-Tijānī) p. 11 (أحمد بن محمد بن زايد بن صالح = Aḥmad ibn Muḥammad ibn Zāyid ibn Ṣāliḥ ; الشيخ الهدي = al-Shaykh al-Hadī ; M1834-1884 ; born in Osly, Sudan)</subfield>
  </datafield>
</record>