
<record>
  <leader>00873cz  a2200169n  4500</leader>
  <controlfield tag="001">11048352</controlfield>
  <controlfield tag="003">DLC</controlfield>
  <controlfield tag="005">20200101073121.0</controlfield>
  <controlfield tag="008">190503n| azannaabn          |a aaa      </controlfield>
  <datafield tag="010" ind1=" " ind2=" ">
    <subfield code="a">n 2019025017</subfield>
  </datafield>
  <datafield tag="035" ind1=" " ind2=" ">
    <subfield code="a">(OCoLC)oca12040652</subfield>
  </datafield>
  <datafield tag="040" ind1=" " ind2=" ">
    <subfield code="a">DLC</subfield>
    <subfield code="b">eng</subfield>
    <subfield code="c">DLC</subfield>
    <subfield code="e">rda</subfield>
    <subfield code="d">OCoLC</subfield>
  </datafield>
  <datafield tag="100" ind1="1" ind2=" ">
    <subfield code="a">Van der Does, Ellis</subfield>
  </datafield>
  <datafield tag="400" ind1="1" ind2=" ">
    <subfield code="a">Does, Ellis van der</subfield>
  </datafield>
  <datafield tag="400" ind1="0" ind2=" ">
    <subfield code="a">Ellis D.</subfield>
  </datafield>
  <datafield tag="670" ind1=" " ind2=" ">
    <subfield code="a">Tabitha and Magoo dress up, too, 2020:</subfield>
    <subfield code="b">ECIP title page (illustrated by Ellis van der Does)</subfield>
  </datafield>
  <datafield tag="670" ind1=" " ind2=" ">
    <subfield code="a">Directory of Illustration (online) as seen 05/03/2019:</subfield>
    <subfield code="b">Ellis van der Does (Ellis van der Does is a Dutch illustrator based in London who works under the name Ellis D. If you take a trip to &apos;illustration wonderland&apos; with her, you&apos;ll come across popping colours and the use of different techniques. Her style is clear and she often combine different forms and figures in order to create new stories. )</subfield>
  </datafield>
</record>