
<record>
  <leader>00397cz  a2200145n  4500</leader>
  <controlfield tag="001">11070337</controlfield>
  <controlfield tag="003">DLC</controlfield>
  <controlfield tag="005">20200101073121.0</controlfield>
  <controlfield tag="008">190528n| azannaabn          |n aaa     c</controlfield>
  <datafield tag="010" ind1=" " ind2=" ">
    <subfield code="a">ns2019001303</subfield>
  </datafield>
  <datafield tag="035" ind1=" " ind2=" ">
    <subfield code="a">(CaEvSKY)skya11977013</subfield>
  </datafield>
  <datafield tag="035" ind1=" " ind2=" ">
    <subfield code="a">(OCoLC)oca12119612</subfield>
  </datafield>
  <datafield tag="040" ind1=" " ind2=" ">
    <subfield code="a">INap</subfield>
    <subfield code="b">eng</subfield>
    <subfield code="e">rda</subfield>
    <subfield code="c">INap</subfield>
    <subfield code="d">OCoLC</subfield>
  </datafield>
  <datafield tag="100" ind1="1" ind2=" ">
    <subfield code="a">Truesdale, Jennifer</subfield>
  </datafield>
  <datafield tag="670" ind1=" " ind2=" ">
    <subfield code="a">Through the circle, 2019:</subfield>
    <subfield code="b">label (Jennifer Truesdale)</subfield>
  </datafield>
</record>