
<record>
  <leader>00553cz  a2200157n  4500</leader>
  <controlfield tag="001">11080330</controlfield>
  <controlfield tag="003">DLC</controlfield>
  <controlfield tag="005">20200101073121.0</controlfield>
  <controlfield tag="008">190607n| azannaabn          |a aaa      </controlfield>
  <datafield tag="010" ind1=" " ind2=" ">
    <subfield code="a">n 2019032868</subfield>
  </datafield>
  <datafield tag="035" ind1=" " ind2=" ">
    <subfield code="a">(OCoLC)oca12149842</subfield>
  </datafield>
  <datafield tag="040" ind1=" " ind2=" ">
    <subfield code="a">DLC</subfield>
    <subfield code="b">eng</subfield>
    <subfield code="e">rda</subfield>
    <subfield code="c">DLC</subfield>
    <subfield code="d">OCoLC</subfield>
  </datafield>
  <datafield tag="100" ind1="1" ind2=" ">
    <subfield code="a">Sturt, Laurel M.</subfield>
  </datafield>
  <datafield tag="377" ind1=" " ind2=" ">
    <subfield code="a">eng</subfield>
  </datafield>
  <datafield tag="500" ind1="1" ind2=" ">
    <subfield code="w">r</subfield>
    <subfield code="i">Alternate identity:</subfield>
    <subfield code="a">Hot,</subfield>
    <subfield code="c">Mrs.</subfield>
  </datafield>
  <datafield tag="670" ind1=" " ind2=" ">
    <subfield code="a">Communication with Sturt, June 7, 2019</subfield>
    <subfield code="b">(publishes under the name Mrs. Hot; real name is Laurel M. Sturt; has also published under that name and wishes the two records to be linked)</subfield>
  </datafield>
</record>