
<record>
  <leader>00623cz  a2200181n  4500</leader>
  <controlfield tag="001">11093858</controlfield>
  <controlfield tag="003">DLC</controlfield>
  <controlfield tag="005">20200101073121.0</controlfield>
  <controlfield tag="008">190621n| azannaabn          |n aaa      </controlfield>
  <datafield tag="010" ind1=" " ind2=" ">
    <subfield code="a">n 2019036410</subfield>
  </datafield>
  <datafield tag="035" ind1=" " ind2=" ">
    <subfield code="a">(OCoLC)oca12196813</subfield>
  </datafield>
  <datafield tag="040" ind1=" " ind2=" ">
    <subfield code="a">DLC</subfield>
    <subfield code="b">eng</subfield>
    <subfield code="c">DLC</subfield>
    <subfield code="e">rda</subfield>
    <subfield code="d">OCoLC</subfield>
  </datafield>
  <datafield tag="100" ind1="1" ind2=" ">
    <subfield code="a">Sidoncha, Urbano</subfield>
  </datafield>
  <datafield tag="373" ind1=" " ind2=" ">
    <subfield code="a">Universidade da Beira Interior</subfield>
  </datafield>
  <datafield tag="374" ind1=" " ind2=" ">
    <subfield code="a">College teachers</subfield>
  </datafield>
  <datafield tag="375" ind1=" " ind2=" ">
    <subfield code="a">Males</subfield>
    <subfield code="2">lcdgt</subfield>
  </datafield>
  <datafield tag="377" ind1=" " ind2=" ">
    <subfield code="a">por</subfield>
  </datafield>
  <datafield tag="670" ind1=" " ind2=" ">
    <subfield code="a">Metamorfoses da cultura, 2017:</subfield>
    <subfield code="b">t.p. (Urbano Sidoncha) p. 191 (Urbano Mestre Sidoncha) front flap (Urbano SIdoncha; Director of Cultural Studies Master Program at Univeridade da Beira Interior)</subfield>
  </datafield>
</record>