
<record>
  <leader>01073cz  a2200241n  4500</leader>
  <controlfield tag="001">11106502</controlfield>
  <controlfield tag="003">DLC</controlfield>
  <controlfield tag="005">20200101073122.0</controlfield>
  <controlfield tag="008">190708n| azannaabn          |a aaa      </controlfield>
  <datafield tag="010" ind1=" " ind2=" ">
    <subfield code="a">n 2019039674</subfield>
  </datafield>
  <datafield tag="035" ind1=" " ind2=" ">
    <subfield code="a">(OCoLC)oca12244132</subfield>
  </datafield>
  <datafield tag="040" ind1=" " ind2=" ">
    <subfield code="a">DLC</subfield>
    <subfield code="b">eng</subfield>
    <subfield code="e">rda</subfield>
    <subfield code="c">DLC</subfield>
    <subfield code="d">OCoLC</subfield>
  </datafield>
  <datafield tag="046" ind1=" " ind2=" ">
    <subfield code="f">1887</subfield>
    <subfield code="g">1955</subfield>
    <subfield code="2">edtf</subfield>
  </datafield>
  <datafield tag="100" ind1="1" ind2=" ">
    <subfield code="a">Svoboda, Vincenc,</subfield>
    <subfield code="d">1887-1955</subfield>
  </datafield>
  <datafield tag="370" ind1=" " ind2=" ">
    <subfield code="a">Třebíč (Czech Republic)</subfield>
    <subfield code="b">Prague (Czech Republic)</subfield>
    <subfield code="2">naf</subfield>
  </datafield>
  <datafield tag="374" ind1=" " ind2=" ">
    <subfield code="a">Teachers</subfield>
    <subfield code="a">Literary historians</subfield>
    <subfield code="a">Philologists</subfield>
    <subfield code="a">Writers</subfield>
    <subfield code="a">Publishers and publishing</subfield>
    <subfield code="a">Translators</subfield>
    <subfield code="2">lcsh</subfield>
  </datafield>
  <datafield tag="400" ind1="1" ind2=" ">
    <subfield code="a">Svoboda, Cyril,</subfield>
    <subfield code="d">1887-1955</subfield>
  </datafield>
  <datafield tag="400" ind1="1" ind2=" ">
    <subfield code="a">Šíp, V.,</subfield>
    <subfield code="d">1887-1955</subfield>
  </datafield>
  <datafield tag="400" ind1="1" ind2=" ">
    <subfield code="a">Spudil, Augustin,</subfield>
    <subfield code="d">1887-1955</subfield>
  </datafield>
  <datafield tag="400" ind1="1" ind2=" ">
    <subfield code="a">Vinko,</subfield>
    <subfield code="d">1887-1955</subfield>
  </datafield>
  <datafield tag="400" ind1="1" ind2=" ">
    <subfield code="a">Vinco,</subfield>
    <subfield code="d">1887-1955</subfield>
  </datafield>
  <datafield tag="670" ind1=" " ind2=" ">
    <subfield code="a">Chvála knihtisku, 1930:</subfield>
    <subfield code="b">p. 5 (Vincenc Svoboda)</subfield>
  </datafield>
  <datafield tag="670" ind1=" " ind2=" ">
    <subfield code="a">VIAF, accessed July 8, 2019:</subfield>
    <subfield code="b">306138979 (hdg.: Svoboda, Vincenc, 1887-1955. Alternate hdgs.: Svoboda, Cyril; Šíp, V., Spudil, Augustin; Vinko; Vinco. Born 1885 in Třebíč; died 1955 in Prague. Teacher; literary historian; philologist; writer; publisher; translator)</subfield>
  </datafield>
</record>