
<record>
  <leader>00739cz  a2200193n  4500</leader>
  <controlfield tag="001">11106659</controlfield>
  <controlfield tag="003">DLC</controlfield>
  <controlfield tag="005">20200101073122.0</controlfield>
  <controlfield tag="008">190709n| azannaabn          |b aaa      </controlfield>
  <datafield tag="010" ind1=" " ind2=" ">
    <subfield code="a">n 2019184781</subfield>
  </datafield>
  <datafield tag="035" ind1=" " ind2=" ">
    <subfield code="a">(DNLM)1823039</subfield>
  </datafield>
  <datafield tag="035" ind1=" " ind2=" ">
    <subfield code="a">(OCoLC)oca12245583</subfield>
  </datafield>
  <datafield tag="040" ind1=" " ind2=" ">
    <subfield code="a">DNLM</subfield>
    <subfield code="b">eng</subfield>
    <subfield code="e">rda</subfield>
    <subfield code="c">DNLM</subfield>
    <subfield code="d">OCoLC</subfield>
  </datafield>
  <datafield tag="100" ind1="1" ind2=" ">
    <subfield code="a">Suh, Man Koon</subfield>
  </datafield>
  <datafield tag="400" ind1="1" ind2=" ">
    <subfield code="a">Sŏ, Man-gun</subfield>
  </datafield>
  <datafield tag="400" ind1="1" ind2=" ">
    <subfield code="a">서 만군</subfield>
  </datafield>
  <datafield tag="667" ind1=" " ind2=" ">
    <subfield code="a">Non-Latin script reference not evaluated.</subfield>
  </datafield>
  <datafield tag="670" ind1=" " ind2=" ">
    <subfield code="a">Atlas of Asian rhinoplasty, 2018:</subfield>
    <subfield code="b">title page (Man Koon Suh, JW Plastic Surgery Center, Seoul, Soul-t&apos;ukpyolsi, South Korea)</subfield>
  </datafield>
  <datafield tag="670" ind1=" " ind2=" ">
    <subfield code="a">JW Plastic Surgery web site, July 8, 2019:</subfield>
    <subfield code="b">staff page (서 만군 = Sŏ Man-gun; [plastic surgery specialist])</subfield>
    <subfield code="u">http://www.jwbeauty.com/11_jw/jw03.html</subfield>
  </datafield>
</record>