
<record>
  <leader>00998cz  a2200181n  4500</leader>
  <controlfield tag="001">11108628</controlfield>
  <controlfield tag="003">DLC</controlfield>
  <controlfield tag="005">20200101073122.0</controlfield>
  <controlfield tag="008">190710n| azannaabn          |n aaa      </controlfield>
  <datafield tag="010" ind1=" " ind2=" ">
    <subfield code="a">n 2019040292</subfield>
  </datafield>
  <datafield tag="035" ind1=" " ind2=" ">
    <subfield code="a">(OCoLC)oca12250122</subfield>
  </datafield>
  <datafield tag="040" ind1=" " ind2=" ">
    <subfield code="a">DLC</subfield>
    <subfield code="b">eng</subfield>
    <subfield code="e">rda</subfield>
    <subfield code="c">DLC</subfield>
    <subfield code="d">OCoLC</subfield>
  </datafield>
  <datafield tag="100" ind1="1" ind2=" ">
    <subfield code="a">Stevenson, Keri</subfield>
  </datafield>
  <datafield tag="373" ind1=" " ind2=" ">
    <subfield code="a">University of New Mexico-Gallup</subfield>
  </datafield>
  <datafield tag="374" ind1=" " ind2=" ">
    <subfield code="a">Assistant Professor of English</subfield>
  </datafield>
  <datafield tag="670" ind1=" " ind2=" ">
    <subfield code="a">Feather by feather, 2018:</subfield>
    <subfield code="b">t.p. (Keri Stevenson)</subfield>
  </datafield>
  <datafield tag="670" ind1=" " ind2=" ">
    <subfield code="a">LC copyright database, July 10, 2019</subfield>
    <subfield code="b">(hdg.: Stevenson, Keri)</subfield>
  </datafield>
  <datafield tag="670" ind1=" " ind2=" ">
    <subfield code="a">Partnership, Not Dominion: Resistance to Decay in the Falconry Memoir, from Assay Journal website, accessed 10 July 2019</subfield>
    <subfield code="b">(Keri Stevenson is an Assistant Professor of English at the University of New Mexico-Gallup; she currently focuses on birds in literature and has compiled a composition reader about birds entitled Feather by Feather)</subfield>
    <subfield code="u">https://www.assayjournal.com/keri-stevenson-partnership-not-dominion-8203resistance-to-decay-in-the-falconry-memoir.html</subfield>
  </datafield>
</record>