
<record>
  <leader>00372cz  a2200133n  4500</leader>
  <controlfield tag="001">11111167</controlfield>
  <controlfield tag="003">DLC</controlfield>
  <controlfield tag="005">20200101073122.0</controlfield>
  <controlfield tag="008">190712n| azannaabn          |n aaa      </controlfield>
  <datafield tag="010" ind1=" " ind2=" ">
    <subfield code="a">n 2019040839</subfield>
  </datafield>
  <datafield tag="035" ind1=" " ind2=" ">
    <subfield code="a">(OCoLC)oca12256702</subfield>
  </datafield>
  <datafield tag="040" ind1=" " ind2=" ">
    <subfield code="a">DLC</subfield>
    <subfield code="b">eng</subfield>
    <subfield code="e">rda</subfield>
    <subfield code="c">DLC</subfield>
    <subfield code="d">OCoLC</subfield>
  </datafield>
  <datafield tag="100" ind1="1" ind2=" ">
    <subfield code="a">Toro, Valentina</subfield>
  </datafield>
  <datafield tag="670" ind1=" " ind2=" ">
    <subfield code="a">Behind the bookcase, 2020:</subfield>
    <subfield code="b">ECIP data view (Valentina Toro, illustrator)</subfield>
  </datafield>
</record>