
<record>
  <leader>00613cz  a2200181n  4500</leader>
  <controlfield tag="001">11111258</controlfield>
  <controlfield tag="003">DLC</controlfield>
  <controlfield tag="005">20200101073122.0</controlfield>
  <controlfield tag="008">190712n| azannaabn          |b aaa      </controlfield>
  <datafield tag="010" ind1=" " ind2=" ">
    <subfield code="a">n 2019040935</subfield>
  </datafield>
  <datafield tag="035" ind1=" " ind2=" ">
    <subfield code="a">(OCoLC)oca12258592</subfield>
  </datafield>
  <datafield tag="040" ind1=" " ind2=" ">
    <subfield code="a">DLC</subfield>
    <subfield code="b">eng</subfield>
    <subfield code="c">DLC</subfield>
    <subfield code="e">rda</subfield>
    <subfield code="d">OCoLC</subfield>
  </datafield>
  <datafield tag="100" ind1="1" ind2=" ">
    <subfield code="a">Tolstoy, Aleksey Nikolayevich,</subfield>
    <subfield code="c">graf,</subfield>
    <subfield code="d">1883-1945.</subfield>
    <subfield code="t">Zheltukhin.</subfield>
    <subfield code="l">Yiddish</subfield>
  </datafield>
  <datafield tag="400" ind1="1" ind2=" ">
    <subfield code="a">Tolstoy, Aleksey Nikolayevich,</subfield>
    <subfield code="c">graf,</subfield>
    <subfield code="d">1883-1945.</subfield>
    <subfield code="t">Gelkhn</subfield>
  </datafield>
  <datafield tag="400" ind1="1" ind2=" ">
    <subfield code="a">Tolstoy, Aleksey Nikolayevich,</subfield>
    <subfield code="c">graf,</subfield>
    <subfield code="d">1883-1945.</subfield>
    <subfield code="t">געלכנ</subfield>
  </datafield>
  <datafield tag="667" ind1=" " ind2=" ">
    <subfield code="a">Non-Latin script reference not evaluated.</subfield>
  </datafield>
  <datafield tag="670" ind1=" " ind2=" ">
    <subfield code="a">געלכנ = Gelkhn, 1937.</subfield>
  </datafield>
  <datafield tag="953" ind1=" " ind2=" ">
    <subfield code="a">cd01</subfield>
  </datafield>
</record>