
<record>
  <leader>00674cz  a2200169n  4500</leader>
  <controlfield tag="001">11125025</controlfield>
  <controlfield tag="003">DLC</controlfield>
  <controlfield tag="005">20200101073123.0</controlfield>
  <controlfield tag="008">190726n| azannaabn          |a aaa      </controlfield>
  <datafield tag="010" ind1=" " ind2=" ">
    <subfield code="a">n 2019044004</subfield>
  </datafield>
  <datafield tag="035" ind1=" " ind2=" ">
    <subfield code="a">(OCoLC)oca12297312</subfield>
  </datafield>
  <datafield tag="040" ind1=" " ind2=" ">
    <subfield code="a">DLC</subfield>
    <subfield code="b">eng</subfield>
    <subfield code="c">DLC</subfield>
    <subfield code="e">rda</subfield>
    <subfield code="d">OCoLC</subfield>
  </datafield>
  <datafield tag="100" ind1="1" ind2=" ">
    <subfield code="a">Tibballs, Geoff,</subfield>
    <subfield code="t">Ripley&apos;s believe it or not!.</subfield>
    <subfield code="p">Strikingly true.</subfield>
    <subfield code="l">German</subfield>
  </datafield>
  <datafield tag="400" ind1="1" ind2=" ">
    <subfield code="a">Tibballs, Geoff,</subfield>
    <subfield code="t">Einfach unglaublich!</subfield>
  </datafield>
  <datafield tag="400" ind1="1" ind2=" ">
    <subfield code="a">Tibballs, Geoff,</subfield>
    <subfield code="t">Ripley&apos;s Einfach unglaublich!.</subfield>
    <subfield code="p">Total vernetzt</subfield>
  </datafield>
  <datafield tag="400" ind1="1" ind2=" ">
    <subfield code="a">Tibballs, Geoff,</subfield>
    <subfield code="t">Total vernetzt</subfield>
  </datafield>
  <datafield tag="670" ind1=" " ind2=" ">
    <subfield code="a">Ripley&apos;s Einfach unglaublich!. Total vernetzt, 2013:</subfield>
    <subfield code="b">p. 254 (Original-Ausgabe: Ripley&apos;s believe it or not!--Strikingly true, c2012)</subfield>
  </datafield>
</record>