
<record>
  <leader>00729cz  a2200193n  4500</leader>
  <controlfield tag="001">11125100</controlfield>
  <controlfield tag="003">DLC</controlfield>
  <controlfield tag="005">20200101073123.0</controlfield>
  <controlfield tag="008">190726n| azannaabn          |a aaa      </controlfield>
  <datafield tag="010" ind1=" " ind2=" ">
    <subfield code="a">n 2019251123</subfield>
  </datafield>
  <datafield tag="035" ind1=" " ind2=" ">
    <subfield code="a">(OCoLC)oca12299623</subfield>
  </datafield>
  <datafield tag="040" ind1=" " ind2=" ">
    <subfield code="a">DLC</subfield>
    <subfield code="b">eng</subfield>
    <subfield code="e">rda</subfield>
    <subfield code="c">DLC</subfield>
    <subfield code="d">OCoLC</subfield>
  </datafield>
  <datafield tag="100" ind1="1" ind2=" ">
    <subfield code="a">Silva, Gustavo Tavares da</subfield>
  </datafield>
  <datafield tag="373" ind1=" " ind2=" ">
    <subfield code="a">Universidade Federal da Paraíba</subfield>
    <subfield code="2">naf</subfield>
  </datafield>
  <datafield tag="374" ind1=" " ind2=" ">
    <subfield code="a">College teachers</subfield>
    <subfield code="2">lcsh</subfield>
  </datafield>
  <datafield tag="377" ind1=" " ind2=" ">
    <subfield code="a">por</subfield>
  </datafield>
  <datafield tag="400" ind1="1" ind2=" ">
    <subfield code="a">Da Silva, Gustavo Tavares</subfield>
  </datafield>
  <datafield tag="400" ind1="1" ind2=" ">
    <subfield code="a">Tavares da Silva, Gustavo</subfield>
  </datafield>
  <datafield tag="670" ind1=" " ind2=" ">
    <subfield code="a">Eleições 2010, 2011:</subfield>
    <subfield code="b">t.p. (Gustavo Tavares da Silva) cover p. 4 (political scientist; doctoral degree, Ciência política, Univ. de Picardie Jules Verne, France; associated prof., Universidade Federal da Paraíba)</subfield>
  </datafield>
</record>