
<record>
  <leader>00813cz  a2200229n  4500</leader>
  <controlfield tag="001">11125404</controlfield>
  <controlfield tag="003">DLC</controlfield>
  <controlfield tag="005">20200101073123.0</controlfield>
  <controlfield tag="008">190726n| azannaabn          |n aaa      </controlfield>
  <datafield tag="010" ind1=" " ind2=" ">
    <subfield code="a">no2019109376</subfield>
  </datafield>
  <datafield tag="016" ind1=" " ind2=" ">
    <subfield code="a">1031G2696E</subfield>
  </datafield>
  <datafield tag="035" ind1=" " ind2=" ">
    <subfield code="a">(OCoLC)oca12292997</subfield>
  </datafield>
  <datafield tag="040" ind1=" " ind2=" ">
    <subfield code="a">CaOONL</subfield>
    <subfield code="b">eng</subfield>
    <subfield code="e">rda</subfield>
    <subfield code="c">CaOONL</subfield>
    <subfield code="d">CaOONL</subfield>
  </datafield>
  <datafield tag="042" ind1=" " ind2=" ">
    <subfield code="a">nlc</subfield>
  </datafield>
  <datafield tag="053" ind1=" " ind2="4">
    <subfield code="a">PS8643.A4495</subfield>
    <subfield code="5">CaOONL</subfield>
  </datafield>
  <datafield tag="100" ind1="1" ind2=" ">
    <subfield code="a">Vallières, William</subfield>
  </datafield>
  <datafield tag="370" ind1=" " ind2=" ">
    <subfield code="c">Canada</subfield>
    <subfield code="e">Montréal (Québec)</subfield>
    <subfield code="2">naf</subfield>
  </datafield>
  <datafield tag="372" ind1=" " ind2=" ">
    <subfield code="a">Poetry</subfield>
    <subfield code="2">lcsh</subfield>
  </datafield>
  <datafield tag="374" ind1=" " ind2=" ">
    <subfield code="a">Poets</subfield>
    <subfield code="2">lcsh</subfield>
  </datafield>
  <datafield tag="377" ind1=" " ind2=" ">
    <subfield code="a">eng</subfield>
  </datafield>
  <datafield tag="670" ind1=" " ind2=" ">
    <subfield code="a">Versus, 2019:</subfield>
    <subfield code="b">CIP title page (William Vallières) LAC CIP application (Canadian) book title page (William Vallières)</subfield>
  </datafield>
  <datafield tag="670" ind1=" " ind2=" ">
    <subfield code="a">Vehicule Press website, viewed on July 26, 2019:</subfield>
    <subfield code="b">Versus page (William Vallières; Montreal poet)</subfield>
    <subfield code="u">http://www.vehiculepress.com/q.php?EAN=9781550655322</subfield>
  </datafield>
</record>