
<record>
  <leader>00742cz  a2200205n  4500</leader>
  <controlfield tag="001">11126329</controlfield>
  <controlfield tag="003">DLC</controlfield>
  <controlfield tag="005">20200101073123.0</controlfield>
  <controlfield tag="008">190727n| azannaabn          |n aaa      </controlfield>
  <datafield tag="010" ind1=" " ind2=" ">
    <subfield code="a">n 2019044352</subfield>
  </datafield>
  <datafield tag="035" ind1=" " ind2=" ">
    <subfield code="a">(OCoLC)oca12301132</subfield>
  </datafield>
  <datafield tag="040" ind1=" " ind2=" ">
    <subfield code="a">DLC</subfield>
    <subfield code="b">eng</subfield>
    <subfield code="e">rda</subfield>
    <subfield code="c">DLC</subfield>
    <subfield code="d">OCoLC</subfield>
  </datafield>
  <datafield tag="046" ind1=" " ind2=" ">
    <subfield code="f">1936</subfield>
    <subfield code="2">edtf</subfield>
  </datafield>
  <datafield tag="100" ind1="1" ind2=" ">
    <subfield code="a">Vila, Ernesto</subfield>
  </datafield>
  <datafield tag="370" ind1=" " ind2=" ">
    <subfield code="a">Montevideo (Uruguay)</subfield>
  </datafield>
  <datafield tag="373" ind1=" " ind2=" ">
    <subfield code="a">Venice Biennal</subfield>
  </datafield>
  <datafield tag="374" ind1=" " ind2=" ">
    <subfield code="a">Visual artists</subfield>
    <subfield code="a">Painters</subfield>
  </datafield>
  <datafield tag="375" ind1=" " ind2=" ">
    <subfield code="a">Males</subfield>
    <subfield code="2">lcdgt</subfield>
  </datafield>
  <datafield tag="377" ind1=" " ind2=" ">
    <subfield code="a">spa</subfield>
  </datafield>
  <datafield tag="670" ind1=" " ind2=" ">
    <subfield code="a">Páramo Beach, julio de 2009:</subfield>
    <subfield code="b">t.p. (Ernesto Vila) front flap (b. 1936, Montevideo, Uruguay; visual artist with a long trayectory; political prissoner during the dictatorship before leaving in exile in France; Guggenheim fellow (1997); Venice Bienale (2008))</subfield>
  </datafield>
</record>