
<record>
  <leader>01101cz  a2200193n  4500</leader>
  <controlfield tag="001">11130372</controlfield>
  <controlfield tag="003">DLC</controlfield>
  <controlfield tag="005">20200101073124.0</controlfield>
  <controlfield tag="008">190801n| azannaabn          |a aaa      </controlfield>
  <datafield tag="010" ind1=" " ind2=" ">
    <subfield code="a">n 2019045475</subfield>
  </datafield>
  <datafield tag="035" ind1=" " ind2=" ">
    <subfield code="a">(OCoLC)oca12319182</subfield>
  </datafield>
  <datafield tag="040" ind1=" " ind2=" ">
    <subfield code="a">DLC</subfield>
    <subfield code="b">eng</subfield>
    <subfield code="e">rda</subfield>
    <subfield code="c">DLC</subfield>
    <subfield code="d">DLC</subfield>
    <subfield code="d">OCoLC</subfield>
  </datafield>
  <datafield tag="046" ind1=" " ind2=" ">
    <subfield code="k">1553</subfield>
    <subfield code="2">edtf</subfield>
  </datafield>
  <datafield tag="100" ind1="1" ind2=" ">
    <subfield code="a">Vasari, Giorgio,</subfield>
    <subfield code="d">1511-1574.</subfield>
    <subfield code="t">Christ carrying the cross (Private collection)</subfield>
  </datafield>
  <datafield tag="370" ind1=" " ind2=" ">
    <subfield code="g">Rome (Italy)</subfield>
    <subfield code="2">naf</subfield>
  </datafield>
  <datafield tag="380" ind1=" " ind2=" ">
    <subfield code="a">Painting</subfield>
    <subfield code="2">lcsh</subfield>
  </datafield>
  <datafield tag="400" ind1="1" ind2=" ">
    <subfield code="a">Vasari, Giorgio,</subfield>
    <subfield code="d">1511-1574.</subfield>
    <subfield code="t">Cristo portacroce (Private collection)</subfield>
  </datafield>
  <datafield tag="670" ind1=" " ind2=" ">
    <subfield code="a">Vasari per Bindo Altoviti, gennaio 2019:</subfield>
    <subfield code="b">front cover flap (Il Cristo portacroce; Christ carrying the Cross: painting by Vasari recently rediscovered by Carlo Falciani in a private collection; painted in 1553 just before Vasari left Rome for Florence to serve as court painter to Duke Cosimo I de&apos; Medici; work is a testament to the strong friendship between Vasari and Bindo Altoviti, banker, art collector, and patron) page 8-9 (Vasari replicated the work 4 times; this version measures 35.7 x 28 in.)</subfield>
  </datafield>
  <datafield tag="675" ind1=" " ind2=" ">
    <subfield code="a">Oxford art online, viewed Aug. 2, 2019</subfield>
  </datafield>
</record>