
<record>
  <leader>00562cz  a2200157n  4500</leader>
  <controlfield tag="001">11132938</controlfield>
  <controlfield tag="003">DLC</controlfield>
  <controlfield tag="005">20200101073124.0</controlfield>
  <controlfield tag="008">190805n| azannaabn          |n aaa      </controlfield>
  <datafield tag="010" ind1=" " ind2=" ">
    <subfield code="a">n 2019046325</subfield>
  </datafield>
  <datafield tag="035" ind1=" " ind2=" ">
    <subfield code="a">(OCoLC)oca12327422</subfield>
  </datafield>
  <datafield tag="040" ind1=" " ind2=" ">
    <subfield code="a">DLC</subfield>
    <subfield code="b">eng</subfield>
    <subfield code="e">rda</subfield>
    <subfield code="c">DLC</subfield>
    <subfield code="d">OCoLC</subfield>
  </datafield>
  <datafield tag="100" ind1="1" ind2=" ">
    <subfield code="a">Silbert, Patti</subfield>
  </datafield>
  <datafield tag="370" ind1=" " ind2=" ">
    <subfield code="c">South Africa</subfield>
    <subfield code="2">naf</subfield>
  </datafield>
  <datafield tag="373" ind1=" " ind2=" ">
    <subfield code="a">University of Cape Town</subfield>
    <subfield code="2">naf</subfield>
  </datafield>
  <datafield tag="670" ind1=" " ind2=" ">
    <subfield code="a">Partnerships in action, 2018:</subfield>
    <subfield code="b">t.p. (Silbert (editor)) p. 246 (Patti Silbert (volume editor) project manager of the Schools Improvement INitiative (SII) at the University of Cape Town)</subfield>
  </datafield>
</record>