
<record>
  <leader>00415cz  a2200145n  4500</leader>
  <controlfield tag="001">11134085</controlfield>
  <controlfield tag="003">DLC</controlfield>
  <controlfield tag="005">20200101073124.0</controlfield>
  <controlfield tag="008">190806n| azannaabn          |n aaa      </controlfield>
  <datafield tag="010" ind1=" " ind2=" ">
    <subfield code="a">n 2019046695</subfield>
  </datafield>
  <datafield tag="035" ind1=" " ind2=" ">
    <subfield code="a">(OCoLC)oca12332052</subfield>
  </datafield>
  <datafield tag="040" ind1=" " ind2=" ">
    <subfield code="a">DLC</subfield>
    <subfield code="b">eng</subfield>
    <subfield code="e">rda</subfield>
    <subfield code="c">DLC</subfield>
    <subfield code="d">OCoLC</subfield>
  </datafield>
  <datafield tag="100" ind1="1" ind2=" ">
    <subfield code="a">Swift, E. M.</subfield>
  </datafield>
  <datafield tag="670" ind1=" " ind2=" ">
    <subfield code="a">Coleman Lake Club, 2013:</subfield>
    <subfield code="b">t.p. (E.M. Swift)</subfield>
  </datafield>
  <datafield tag="670" ind1=" " ind2=" ">
    <subfield code="a">LC copyright database, August 6, 2019</subfield>
    <subfield code="b">(hdg.: Swift, E.M.)</subfield>
  </datafield>
</record>