
<record>
  <leader>00626cz  a2200181n  4500</leader>
  <controlfield tag="001">11137560</controlfield>
  <controlfield tag="003">DLC</controlfield>
  <controlfield tag="005">20200101073124.0</controlfield>
  <controlfield tag="008">190809n| azannaabn          |a aaa      </controlfield>
  <datafield tag="010" ind1=" " ind2=" ">
    <subfield code="a">n 2019047564</subfield>
  </datafield>
  <datafield tag="035" ind1=" " ind2=" ">
    <subfield code="a">(OCoLC)oca12346942</subfield>
  </datafield>
  <datafield tag="040" ind1=" " ind2=" ">
    <subfield code="a">DLC</subfield>
    <subfield code="b">eng</subfield>
    <subfield code="c">DLC</subfield>
    <subfield code="e">rda</subfield>
    <subfield code="d">DLC</subfield>
    <subfield code="d">OCoLC</subfield>
  </datafield>
  <datafield tag="053" ind1=" " ind2="0">
    <subfield code="a">PH3351.S46</subfield>
  </datafield>
  <datafield tag="100" ind1="1" ind2=" ">
    <subfield code="a">Simándy, Pál,</subfield>
    <subfield code="d">1891-1978</subfield>
  </datafield>
  <datafield tag="400" ind1="1" ind2=" ">
    <subfield code="a">Gombos, Ferenc,</subfield>
    <subfield code="d">1891-1978</subfield>
  </datafield>
  <datafield tag="670" ind1=" " ind2=" ">
    <subfield code="a">Lectori salutem, 2018:</subfield>
    <subfield code="b">t.p. (Simándy Pál)</subfield>
  </datafield>
  <datafield tag="670" ind1=" " ind2=" ">
    <subfield code="a">arcanum.hu, August 9, 2019</subfield>
    <subfield code="b">(hdg. Simándy Pál, Gombos Ferenc, b. Jan. 5, 1891, Igrici [Hungary], d. Aug. 11, 1978, Budapest; writer, journalist)</subfield>
  </datafield>
  <datafield tag="953" ind1=" " ind2=" ">
    <subfield code="a">fc15</subfield>
    <subfield code="b">fc11</subfield>
  </datafield>
</record>