
<record>
  <leader>00662cz  a2200157n  4500</leader>
  <controlfield tag="001">11137636</controlfield>
  <controlfield tag="003">DLC</controlfield>
  <controlfield tag="005">20200101073124.0</controlfield>
  <controlfield tag="008">190809n| azannaabn          |n aaa      </controlfield>
  <datafield tag="010" ind1=" " ind2=" ">
    <subfield code="a">n 2019047680</subfield>
  </datafield>
  <datafield tag="035" ind1=" " ind2=" ">
    <subfield code="a">(OCoLC)oca12347262</subfield>
  </datafield>
  <datafield tag="040" ind1=" " ind2=" ">
    <subfield code="a">DLC</subfield>
    <subfield code="b">eng</subfield>
    <subfield code="e">rda</subfield>
    <subfield code="c">DLC</subfield>
    <subfield code="d">OCoLC</subfield>
  </datafield>
  <datafield tag="100" ind1="1" ind2=" ">
    <subfield code="a">Todaro, Giovanna</subfield>
  </datafield>
  <datafield tag="373" ind1=" " ind2=" ">
    <subfield code="a">Università di Padova</subfield>
    <subfield code="2">naf</subfield>
  </datafield>
  <datafield tag="670" ind1=" " ind2=" ">
    <subfield code="a">Traduzione e ideologia, ottobre 2018:</subfield>
    <subfield code="b">t.p. (Giovanna Todaro)</subfield>
  </datafield>
  <datafield tag="670" ind1=" " ind2=" ">
    <subfield code="a">Academia.edu (website), viewed Aug. 9, 2019:</subfield>
    <subfield code="b">(Giovanna Todaro: Università degli Studi di Padova, Dipartimento di Scienze Storiche, Geografiche e dell&apos;Antichità (DiSSGeA), Current Phd student)</subfield>
    <subfield code="u">https://unipd.academia.edu/GiovannaTodaro</subfield>
  </datafield>
</record>