
<record>
  <leader>00452cz  a2200145n  4500</leader>
  <controlfield tag="001">11137852</controlfield>
  <controlfield tag="003">DLC</controlfield>
  <controlfield tag="005">20200101073124.0</controlfield>
  <controlfield tag="008">190809n| azannaabn          |a aaa      </controlfield>
  <datafield tag="010" ind1=" " ind2=" ">
    <subfield code="a">n 2019047854</subfield>
  </datafield>
  <datafield tag="035" ind1=" " ind2=" ">
    <subfield code="a">(OCoLC)oca12346642</subfield>
  </datafield>
  <datafield tag="040" ind1=" " ind2=" ">
    <subfield code="a">DLC</subfield>
    <subfield code="b">eng</subfield>
    <subfield code="e">rda</subfield>
    <subfield code="c">DLC</subfield>
    <subfield code="d">OCoLC</subfield>
  </datafield>
  <datafield tag="100" ind1="1" ind2=" ">
    <subfield code="a">Solé-Tura, Jordi.</subfield>
    <subfield code="t">Nacionalidades y nacionalismos en España</subfield>
  </datafield>
  <datafield tag="400" ind1="1" ind2=" ">
    <subfield code="a">Solé-Tura, Jordi.</subfield>
    <subfield code="t">Nacionalidades y nacionalismos</subfield>
  </datafield>
  <datafield tag="670" ind1=" " ind2=" ">
    <subfield code="a">Nacionalidades y nacionalismos, 2019</subfield>
  </datafield>
</record>