
<record>
  <leader>00338cz  a2200133n  4500</leader>
  <controlfield tag="001">11138805</controlfield>
  <controlfield tag="003">DLC</controlfield>
  <controlfield tag="005">20200101073124.0</controlfield>
  <controlfield tag="008">190812n| azannaabn          |n aaa      </controlfield>
  <datafield tag="010" ind1=" " ind2=" ">
    <subfield code="a">n 2019047994</subfield>
  </datafield>
  <datafield tag="035" ind1=" " ind2=" ">
    <subfield code="a">(OCoLC)oca12350422</subfield>
  </datafield>
  <datafield tag="040" ind1=" " ind2=" ">
    <subfield code="a">DLC</subfield>
    <subfield code="b">eng</subfield>
    <subfield code="e">rda</subfield>
    <subfield code="c">DLC</subfield>
    <subfield code="d">OCoLC</subfield>
  </datafield>
  <datafield tag="100" ind1="1" ind2=" ">
    <subfield code="a">Suk, Josef,</subfield>
    <subfield code="d">1874-1935.</subfield>
    <subfield code="t">Works</subfield>
  </datafield>
  <datafield tag="670" ind1=" " ind2=" ">
    <subfield code="a">Suk, J. Epilogue, 1998.</subfield>
  </datafield>
</record>