
<record>
  <leader>00757cz  a2200157n  4500</leader>
  <controlfield tag="001">11138844</controlfield>
  <controlfield tag="003">DLC</controlfield>
  <controlfield tag="005">20200101073124.0</controlfield>
  <controlfield tag="008">190812n| azannaabn          |n aaa      </controlfield>
  <datafield tag="010" ind1=" " ind2=" ">
    <subfield code="a">n 2019048029</subfield>
  </datafield>
  <datafield tag="035" ind1=" " ind2=" ">
    <subfield code="a">(OCoLC)oca12350852</subfield>
  </datafield>
  <datafield tag="040" ind1=" " ind2=" ">
    <subfield code="a">DLC</subfield>
    <subfield code="b">eng</subfield>
    <subfield code="e">rda</subfield>
    <subfield code="c">DLC</subfield>
    <subfield code="d">OCoLC</subfield>
  </datafield>
  <datafield tag="100" ind1="1" ind2=" ">
    <subfield code="a">Sovenko, Andrii</subfield>
  </datafield>
  <datafield tag="372" ind1=" " ind2=" ">
    <subfield code="a">Aviation</subfield>
    <subfield code="2">lcsh</subfield>
  </datafield>
  <datafield tag="373" ind1=" " ind2=" ">
    <subfield code="a">Antonov company</subfield>
    <subfield code="a">National Union of Journalists of Ukraine</subfield>
    <subfield code="s">1998</subfield>
    <subfield code="a">Aviation and Time magazine</subfield>
    <subfield code="2">naf</subfield>
  </datafield>
  <datafield tag="670" ind1=" " ind2=" ">
    <subfield code="a">Wings above the planet, 2019:</subfield>
    <subfield code="b">t.p. (Andrii Sovenko) back cover about the author (Andrii Sovenko has been working for the Antonov company for 30 years. Since 1998, he has been a member of the National Union of Journalists of Ukraine. He is one of the founders of the Ukranian aviation magazine, Aviation and Time.</subfield>
  </datafield>
</record>