
<record>
  <leader>00808cz  a2200205n  4500</leader>
  <controlfield tag="001">11139906</controlfield>
  <controlfield tag="003">DLC</controlfield>
  <controlfield tag="005">20200101073124.0</controlfield>
  <controlfield tag="008">190813n| azannaabn          |a aaa      </controlfield>
  <datafield tag="010" ind1=" " ind2=" ">
    <subfield code="a">n 2019048365</subfield>
  </datafield>
  <datafield tag="035" ind1=" " ind2=" ">
    <subfield code="a">(OCoLC)oca12352272</subfield>
  </datafield>
  <datafield tag="040" ind1=" " ind2=" ">
    <subfield code="a">DLC</subfield>
    <subfield code="b">eng</subfield>
    <subfield code="e">rda</subfield>
    <subfield code="c">DLC</subfield>
    <subfield code="d">OCoLC</subfield>
  </datafield>
  <datafield tag="100" ind1="1" ind2=" ">
    <subfield code="a">Thompson-Ahmadova, Anne</subfield>
  </datafield>
  <datafield tag="370" ind1=" " ind2=" ">
    <subfield code="a">Azerbaijani</subfield>
    <subfield code="c">Baku</subfield>
  </datafield>
  <datafield tag="372" ind1=" " ind2=" ">
    <subfield code="a">Writer</subfield>
    <subfield code="a">translator</subfield>
  </datafield>
  <datafield tag="373" ind1=" " ind2=" ">
    <subfield code="a">Caucasus bureau</subfield>
    <subfield code="a">BBC Monitoring Service</subfield>
    <subfield code="t">1997</subfield>
  </datafield>
  <datafield tag="375" ind1=" " ind2=" ">
    <subfield code="a">female</subfield>
  </datafield>
  <datafield tag="377" ind1=" " ind2=" ">
    <subfield code="a">eng</subfield>
  </datafield>
  <datafield tag="400" ind1="1" ind2=" ">
    <subfield code="a">Ahmadova, Anne Thompson-</subfield>
  </datafield>
  <datafield tag="670" ind1=" " ind2=" ">
    <subfield code="a">Days in the Caucasus, 2019:</subfield>
    <subfield code="b">t.p. (Anne Thompson-Ahmadova) back cover (Anne Thompson-Ahmadova is a writer and translator from Azervaijani, French and Russian. She lived in Baku for twenty years, moving there in 1997 initally to set up a Caucasus bureau for the BBC Monitoring Service).</subfield>
  </datafield>
</record>