
<record>
  <leader>00757cz  a2200157n  4500</leader>
  <controlfield tag="001">11142348</controlfield>
  <controlfield tag="003">DLC</controlfield>
  <controlfield tag="005">20200101073124.0</controlfield>
  <controlfield tag="008">190815n| azannaabn          |n aaa      </controlfield>
  <datafield tag="010" ind1=" " ind2=" ">
    <subfield code="a">n 2019048943</subfield>
  </datafield>
  <datafield tag="035" ind1=" " ind2=" ">
    <subfield code="a">(OCoLC)oca12357653</subfield>
  </datafield>
  <datafield tag="040" ind1=" " ind2=" ">
    <subfield code="a">DLC</subfield>
    <subfield code="b">eng</subfield>
    <subfield code="e">rda</subfield>
    <subfield code="c">DLC</subfield>
    <subfield code="d">OCoLC</subfield>
  </datafield>
  <datafield tag="100" ind1="1" ind2=" ">
    <subfield code="a">Tchaikovsky, Peter Ilich,</subfield>
    <subfield code="d">1840-1893.</subfield>
    <subfield code="t">Symphonies,</subfield>
    <subfield code="n">no. 5, op. 64,</subfield>
    <subfield code="r">E minor.</subfield>
    <subfield code="p">Finale</subfield>
  </datafield>
  <datafield tag="670" ind1=" " ind2=" ">
    <subfield code="a">Tchaikovsky, P.I. Finale from Symphony no. 5, 2018.</subfield>
  </datafield>
  <datafield tag="670" ind1=" " ind2=" ">
    <subfield code="a">LC catalog, August 15, 2019</subfield>
    <subfield code="b">(access point: Tchaikovsky, Peter Ilich, 1840-1893. Symphonies, no. 5, op. 64, E minor. Finale)</subfield>
  </datafield>
  <datafield tag="670" ind1=" " ind2=" ">
    <subfield code="a">Wikipedia, August 15, 2019</subfield>
    <subfield code="b">(Symphony no. 5; IV. Finale: Andante maestoso (E major) - Allegro vivace - Molto vivace (E minor) - Moderato assai e molto maestoso - Presto (E major))</subfield>
  </datafield>
</record>