
<record>
  <leader>01273cz  a2200241n  4500</leader>
  <controlfield tag="001">11144588</controlfield>
  <controlfield tag="003">DLC</controlfield>
  <controlfield tag="005">20200101073124.0</controlfield>
  <controlfield tag="008">190819n| azannaabn          |a aaa      </controlfield>
  <datafield tag="010" ind1=" " ind2=" ">
    <subfield code="a">n 2019049522</subfield>
  </datafield>
  <datafield tag="035" ind1=" " ind2=" ">
    <subfield code="a">(OCoLC)oca12366093</subfield>
  </datafield>
  <datafield tag="040" ind1=" " ind2=" ">
    <subfield code="a">DLC</subfield>
    <subfield code="b">eng</subfield>
    <subfield code="e">rda</subfield>
    <subfield code="c">DLC</subfield>
    <subfield code="d">OCoLC</subfield>
  </datafield>
  <datafield tag="100" ind1="1" ind2=" ">
    <subfield code="a">Torres, Mayobanex</subfield>
  </datafield>
  <datafield tag="370" ind1=" " ind2=" ">
    <subfield code="c">Dominican Republic</subfield>
    <subfield code="c">United States</subfield>
    <subfield code="f">Santo Domingo (Dominican Republic)</subfield>
    <subfield code="f">Miami (Fla.)</subfield>
    <subfield code="2">naf</subfield>
  </datafield>
  <datafield tag="372" ind1=" " ind2=" ">
    <subfield code="a">Family medicine</subfield>
    <subfield code="a">Geriatrics</subfield>
    <subfield code="2">lcsh</subfield>
  </datafield>
  <datafield tag="373" ind1=" " ind2=" ">
    <subfield code="a">Universidad Autónoma de Santo Domingo</subfield>
    <subfield code="2">naf</subfield>
  </datafield>
  <datafield tag="373" ind1=" " ind2=" ">
    <subfield code="a">Universidad de la Tercera Edad (Santo Domingo, Dominican Republic)</subfield>
  </datafield>
  <datafield tag="374" ind1=" " ind2=" ">
    <subfield code="a">Physicians</subfield>
    <subfield code="2">lcsh</subfield>
  </datafield>
  <datafield tag="377" ind1=" " ind2=" ">
    <subfield code="a">spa</subfield>
  </datafield>
  <datafield tag="378" ind1=" " ind2=" ">
    <subfield code="q">Mayobanex A. Torres Veras</subfield>
  </datafield>
  <datafield tag="400" ind1="1" ind2=" ">
    <subfield code="a">Torres Veras, Mayobanex A.</subfield>
  </datafield>
  <datafield tag="400" ind1="1" ind2=" ">
    <subfield code="a">Veras, Mayobanex A. Torres</subfield>
  </datafield>
  <datafield tag="670" ind1=" " ind2=" ">
    <subfield code="a">¿Es tiempo de dolarizar?, mayo 2017:</subfield>
    <subfield code="b">t.p. (Mayobanex Torres) cover, etc. (Dr. Mayobanex A. Torres Veras; MD from Univ. Aut. de Santo Domingo, with specializations in internal medicine and family medicine in the U.S., and subspecialization in geriatrics at the Montefiore Hospital of Albert Einstein Univ. of New York; master&apos;s in international law and diplomacy from Univ. de la Tercera Edad, Santo Domingo, Dominican Republic; practices family and geriatric medicine in Miami, Fla., U.S.)</subfield>
  </datafield>
</record>
</collection>
